4180 5684
856 420 1228 555 copotuigcfioium
1252 413 1455 506 orooro.
1743 455 1832 535 447

569 559 610 639 P.
633 562 688 635 28.
714 556 760 634 In
781 558 913 635 Tomo
938 583 1020 631 111.
1049 555 1128 629 Ati.
1157 550 1214 627 SS.
1238 544 1399 625 Ordinis
1420 549 1453 625 S.
1474 540 1670 625 Benedicti
1691 542 1739 625 cle
1760 544 1835 624 hac

514 666 762 749 translatione
788 663 870 743 hacc
900 661 1150 742 Mabillonius
1182 660 1334 737 noller:
1354 665 1499 737 Annum
1522 654 1637 756 fosso
1665 668 1701 739 T
1703 653 1835 751 consta-

513 791 619 858 tc'ouir
643 802 881 857 Dccxxv.
920 797 1018 884 ignat
1038 784 1225 855 Batonius.
1261 768 1411 867 Pozcfhro
1444 766 1621 879 cujufisam
1646 772 1835 872 pervetusti

513 888 662 970 chronici
680 889 947 980 ouitoo'totom,
965 914 1093 962 anniam
1109 905 1136 961 n
1150 906 1248 961 ccx
1261 906 1312 957 x1
1330 910 1358 957 r.
1372 878 1572 958 indicantis.
1602 880 1693 957 Uno
1713 874 1836 956 solinu

514 1027 618 1080 anno
640 1002 824 1078 maturius
849 1023 931 1076 rem
958 994 1158 1105 confignot
1184 989 1411 1069 Chronicon
1438 992 1704 1071 Strozzianuni
1734 1015 1838 1067 anno

516 1142 624 1191 1200.
643 1107 899 1221 conscriptum
919 1144 927 1187 :
948 1108 1051 1214 cujus
1070 1109 1200 1184 auctor
1217 1125 1417 1179 accuratus
1428 1126 1695 1212 computator,
1715 1124 1757 1179 ut
1772 1099 1840 1179 illo

517 1252 621 1318 seru,
641 1222 775 1302 haberi
793 1219 928 1333 potest.

571 1338 612 1413 P.
633 1364 680 1440 51.
700 1339 798 1440 Qua·
815 1332 863 1411 de
882 1353 1048 1440 quatuor
1065 1334 1171 1438 equis
1186 1329 1297 1407 aeneis
1317 1326 1457 1402 auratis
1475 1319 1596 1403 habet
1611 1323 1841 1430 Anonynrus

515 1445 566 1525 cle
586 1440 820 1524 mirabilibus
833 1449 989 1543 Rornae,
1008 1437 1108 1520 infra
1118 1469 1154 1551 p.
1168 1471 1244 1543 291.
1264 1434 1502 1515 subindicare
1521 1434 1701 1513 videntur
1722 1462 1841 1541 equos

515 1555 603 1636 istos
624 1553 687 1634 suo
707 1579 786 1635 tein
818 1581 908 1654 ore,
928 1577 1087 1631 autnon
1104 1556 1171 1629 diu
1189 1547 1355 1627 sublatos
1370 1550 1521 1646 Roma,
1542 1547 1733 1623 autetiam
1748 1568 1839 1621 tune

516 1667 685 1769 ibidem,
704 1660 768 1747 sed
787 1584 876 1743 sirco
895 1668 1053 1775 proprio
1069 1687 1217 1762 nsot03‚
1245 1652 1429 1740 exstitisse.
1462 1661 1505 1736 N
1509 1652 1842 1734 anisiaConllan-

517 1782 600 1857 tino
626 1806 770 1888 magno
800 1780 993 1887 exportati
1024 1768 1391 1880 Constantinopolin
1419 1760 1596 1847 fuissent:
1620 1793 1700 1844 non
1726 1764 1839 1843 video

516 1919 596 1999 quo
618 1894 731 2009 patto
749 1890 977 1997 Anonynius
992 1882 1058 1965 iste
1078 1887 1316 1993 antiquitatis
1336 1882 1562 1990 imperitus,
1592 1882 1630 1954 in
1649 1904 1838 1985 equorum

514 1999 733 2107 hujulrnotli
751 2003 928 2078 notitiam
948 1993 1113 2076 venisset.
1142 1999 1252 2075 Novi
1268 1989 1356 2071 sane
1375 1995 1476 2069 viros
1492 1994 1557 2100 qui
1571 2016 1613 2069 re
1627 1992 1841 2066 accuratius

518 2106 680 2222 expensa
702 2111 856 2209 dicant,
878 2136 1019 2218 niagno
1041 2104 1247 2217 suspicione
1274 2101 1474 2203 laborare,
1504 2100 1612 2210 quod
1638 2097 1743 2176 vuloi
1770 2096 1840 2177 ser-

516 2249 634 2301 mone
662 2220 784 2300 fertur
813 2220 862 2299 de
880 2219 1045 2298 advectis
1064 2217 1195 2299 Romi
1215 2212 1581 2324 Constantinopolin
1601 2278 1611 2313 ,
1634 2237 1677 2289 ac
1697 2166 1839 2289 <scinde

519 2330 860 2442 Constantinopoli
877 2333 1058 2410 Venetias
1078 2333 1184 2439 equis
1199 2320 1428 2434 hujusmodi.

571 2446 612 2524 P.
633 2473 711 2523 120.
730 2453 858 2551 Atque
872 2454 1005 2552 viginti
1015 2454 1149 2519 circiter
1158 2436 1313 2549 globulos
1324 2468 1368 2513 cx
1382 2436 1531 2547 cpslsoso
1542 2444 1682 2509 nocivo.
1713 2434 1838 2510 Inter.

517 2552 669 2635 cimelia
686 2581 733 2634 ex
749 2550 920 2663 sepulcro
943 2550 1157 2631 Clrilderici
1178 2551 1543 2658 RegisFraneoruni
1556 2547 1727 2623 Tornaci
1748 2543 1838 2621 edu.

517 2672 598 2761 ua,
619 2660 1200 2774 estcrystallinapila‚pollicem
1224 2688 1311 2738 curn
1332 2656 1495 2736 dimidio
1513 2682 1534 2733 a
1553 2653 1746 2732 diametro
1767 2650 1836 2730 ha-

519 2777 633 2878 benS,
654 2806 730 2885 quo
743 2779 912 2854 innuitur
931 2774 969 2851 id
987 2776 1103 2851 nioris
1122 2775 1331 2879 antiquitus
1345 2765 1517 2879 viguisse,
1534 2789 1577 2843 ut
1600 2762 1838 2873 crystallinos

518 2887 697 2998 globulos
714 2891 753 2964 in
773 2890 873 2964 urnis
900 2894 938 2965 ὃς
964 2880 1140 2994 sepulcris
1167 2879 1294 2962 nescio
1320 2906 1395 2990 qua
1421 2877 1608 2987 religione
1628 2874 1839 2953 conclude.

518 3023 617 3078 rent.
642 2993 912 3077 Discrirninale
938 2995 1150 3075 eburneum
1170 2992 1317 3071 indicat
1337 3018 1473 3068 urnam
1490 2988 1597 3067 islani
1625 2991 1840 3065 cineritiant

519 3105 790 3220 sepulcralem,
811 3102 1005 3216 cujusdam
1027 3104 1195 3185 mulieris
1212 3100 1401 3183 cineribus
1419 3098 1647 3209 recipiendis
1667 3093 1781 3176 fuisse.

576 3223 617 3300 P.
652 3226 744 3299 128.
770 3232 978 3301 Laocoontis
997 3223 1124 3321 statua
1148 3247 1227 3325 quo
1259 3214 1358 3292 hodic
1386 3244 1427 3290 ccc
1445 3212 1620 3319 firpcrcst,
1649 3238 1696 3286 acc
1722 3208 1842 3285 codem

511 3331 744 3439 fueritquom
756 3332 1096 3422 Pliniutmcmoroc,
1112 3349 1296 3405 convocat
1307 3245 1416 3401 cosio.
1431 3326 1475 3402 ln
1487 3344 1643 3431 promtu
1660 3319 1842 3398 estinter.

520 3438 678 3522 noscere
699 3470 791 3520 num
813 3439 1013 3519 simulacra
1032 3440 1268 3519 Laocoontis
1288 3444 1325 3515 &
1342 3434 1510 3515 filiorum
1527 3460 1605 3510 uno
1623 3458 1670 3511 ex
1688 3429 1842 3539 lapide,

520 3582 569 3632 an
591 3580 638 3634 ex
659 3551 831 3653 duobus,
849 3578 892 3630 ut
909 3550 1067 3630 testatur
1082 3549 1252 3648 Fulvius,
1273 3545 1448 3624 confecta
1467 3545 1631 3623 fitznarn
1649 3541 1732 3620 siex
1746 3541 1842 3618 duo-

520 3664 590 3775 l3us
609 3692 743 3745 revera
759 3662 958 3763 constenr3
978 3660 1101 3771 probe
1114 3664 1287 3771 arguitur
1306 3652 1694 3737 Laocoonteinillum
1717 3650 1840 3729 diver-

521 3780 599 3854 lunr
622 3771 692 3856 esse
713 3774 761 3853 ab
782 3802 829 3853 eo
849 3801 965 3882 quern
990 3772 1133 3851 Plinius
1160 3794 1354 3849 memorat
1374 3796 1450 3844 uno
1469 3794 1516 3846 ex
1537 3764 1665 3875 lapide
1689 3761 1842 3841 factum.

524 3888 627 3968 Mihi
649 3916 736 3965 curn
760 3889 898 3965 Roma
916 3878 1086 3963 versarer
1107 3882 1282 3959 nondum
1302 3878 1428 3957 suerat
1453 3876 1519 3955 iste
1537 3874 1730 3985 serupulus
1750 3876 1844 3981 inje.

521 4004 601 4079 &us
618 4067 627 4099 ‚
645 4024 763 4107 quare
779 4024 826 4077 ex
838 3993 1045 4073 duobusan
1064 4021 1110 4072 ex
1128 4021 1206 4071 uno
1223 3989 1435 4082 constaret,
1456 4014 1503 4067 ne
1516 3986 1672 4095 quidem
1686 3989 1723 4063 in
1736 4012 1845 4064 men·

520 4135 600 4189 tern
622 4114 726 4189 venit
744 4106 956 4218 explorare.
1003 4104 1123 4215 Qtod
1143 4104 1167 4181 si
1188 4107 1304 4181 etiam
1326 4128 1373 4180 ex
1394 4129 1472 4178 uno
1498 4096 1627 4208 lapide
1657 4099 1844 4176 Laocoon

521 4221 588 4301 iste
606 4220 799 4301 confectus
819 4216 930 4318 esset,
949 4227 1139 4299 &revera
1158 4212 1313 4293 alterius
1332 4208 1459 4289 fimilis
1475 4207 1694 4320 fragmenta
1706 4206 1844 4284 viderit

521 4331 673 4411 Fulvius
691 4330 846 4410 Urfinus
865 4358 980 4440 penes
999 4325 1254 4406 Antoniolum
1282 4324 1564 4431 antiquarium,
1582 4344 1623 4397 ut
1640 4313 1714 4426 ipse
1734 4344 1841 4393 corn-

522 4468 747 4545 memorat,
774 4440 934 4520 dubium
961 4435 1047 4520 satie
1071 4436 1186 4518 fuerit
1212 4462 1343 4516 utrum
1378 4461 1515 4514 eorum
1549 4423 1737 4509 describat
1766 4424 1843 4503 Pli-

512 4584 617 4650 ‚nius

579 4667 619 4744 P.
644 4693 655 4739 1
661 4691 719 4762 to.
741 4666 891 4743 Pictura
911 4664 992 4742 lnce
1013 4666 1051 4740 in
1070 4663 1233 4742 Titianis
1244 4656 1402 4736 thermis
1420 4677 1594 4763 reperto,
1614 4646 1842 4757 quidexpri.

524 4800 606 4855 mat
625 4803 706 4852 non
724 4772 850 4854 statim
870 4773 1040 4857 intellexi
1059 4819 1069 4876 3
1090 4767 1155 4852 sed
1172 4796 1215 4851 re
1236 4766 1453 4878 diligentius
1472 4757 1687 4874 perspecta,
1707 4762 1846 4869 opinor
