4264 5684
414 399 466 495 56
863 367 1043 462 Dianam
1068 360 1250 458 Italicum.

416 504 617 611 &superne
636 499 851 583 clauduntur
868 531 910 580 ut
923 506 958 578 iri
980 500 1172 578 scribendo
1184 501 1310 577 reslius
1325 495 1589 604 procederetur.
1610 496 1711 575 Cum

416 641 539 691 autem
558 617 608 689 ait
623 612 655 689 se
675 614 712 687 iii
731 616 892 689 litteram
915 627 941 685 Σ
962 608 1142 703 incidill'c,
1163 609 1258 683 liaud
1281 601 1421 683 fcliciiii
1435 644 1442 687 3
1457 634 1537 679 nim
1558 605 1712 681 sutilem

407 749 614 826 numquam
632 718 936 815 vidi,accuratius
949 720 1032 794 licet
1046 715 1276 819 inspexerim.
1297 718 1389 791 Hac
1408 714 1452 788 de
1464 713 1711 816 manuscripto

413 831 519 929 cujus
542 828 648 905 causa
672 826 906 903 eruditorum
930 827 1037 901 turba
1060 823 1252 899 diducitur
1285 827 1323 896 iii
1342 850 1471 925 partes.
1515 828 1710 923 Aiunrque

413 942 523 1043 vulgo
552 935 818 1042 autographum
840 931 909 1009 ell'e
938 932 972 1007 S.
993 933 1124 1007 Marci.
1172 930 1333 1005 Nullum
1354 932 1437 1005 sarie
1460 926 1630 1003 codicem
1653 957 1712 1003 ine

412 1042 539 1122 vidisse
552 1048 723 1140 memini,
743 1050 804 1147 qui
825 1043 1000 1138 maiorem
1021 1040 1087 1113 isto
1104 1040 1335 1140 antiquitatis
1357 1037 1513 1140 speciem
1535 1035 1711 1139 pi'a‘setat.

413 1150 534 1259 Qiod
553 1178 674 1226 autem
700 1149 830 1227 Latin&
850 1150 998 1251 scriptus
1021 1147 1061 1222 sit
1084 1148 1268 1236 codex,i1i
1291 1144 1567 1220 controversam
1592 1147 1712 1217 vocari

410 1261 544 1363 nequit
568 1286 614 1334 ex
642 1260 785 1335 historia
803 1285 891 1332 mox
912 1252 1135 1345 adserenda,
1157 1255 1266 1351 cujus
1285 1255 1490 1354 exemplum
1513 1253 1636 1353 accepi
1664 1251 1712 1325 ab

412 1366 650 1443 eruditissimo
678 1368 769 1445 Viro
792 1364 887 1454 lusto
907 1364 1004 1453 Julio
1026 1362 1233 1437 Fontanino
1261 1358 1455 1437 necessario
1477 1387 1584 1453 inco,
1607 1360 1705 1453 cujus

409 1476 592 1577 prolixam
608 1502 693 1579 erga
711 1500 776 1550 nos
786 1476 1017 1548 voluntatem
1036 1467 1190 1548 &nostri
1204 1461 1416 1547 demerendi
1436 1464 1596 1549 studium
1614 1454 1712 1542 haud

408 1577 524 1661 semel
545 1583 686 1688 experti
710 1582 852 1667 sumus.

539 1801 605 1888 De
633 1787 867 1923 transtatione
898 1794 1043 1884 Codicis
1069 1786 1273 1923 Evangelii
1301 1788 1429 1882 Sansii
1454 1794 1589 1884 Marci

842 1962 888 2017 ex
919 1918 1104 2053 forojulio
1137 1929 1323 2018 Venetici.

371 2167 397 2196 ,ω
473 2122 715 2230 Euangelinm
740 2119 820 2195 divi
841 2120 995 2217 Marci,
1022 2116 1127 2222 quod
1154 2117 1266 2195 modo
1289 2140 1393 2192 extat
1412 2121 1600 2213 Veneriis,
1623 2120 1713 2194 anti·

378 2272 398 2300 ii
419 2230 543 2325 quitus
564 2229 740 2307 servatum
760 2222 832 2303 suit
854 2228 892 2302 in
912 2229 1206 2331 Metropolitana
1227 2224 1383 2300 Ecclesia
1407 2225 1653 2326 Aquileiensi,
1676 2229 1714 2300 iri

377 2381 396 2406 i,
422 2365 494 2436 qua
514 2339 602 2409 iiic
621 2336 858 2440 praedicatum
877 2346 914 2413 δι
938 2332 1111 2437 scriptum
1135 2331 1227 2408 illud
1246 2328 1346 2406 fuiss'e
1367 2333 1413 2406 ab
1432 2332 1564 2408 codem
1583 2334 1713 2408 sinuo

379 2485 399 2515 a
421 2448 494 2542 ejus
519 2446 594 2519 aua
622 2445 793 2519 testantur
821 2438 917 2547 apud
934 2437 1170 2517 Bollandistas
1192 2465 1296 2515 tomo
1315 2468 1341 2539 3.
1359 2441 1497 2540 Aprilis
1527 2469 1608 2546 pag.
1631 2468 1713 2540 347.

381 2594 399 2622 i,
422 2561 459 2627 ἃ
488 2550 659 2626 chronica
688 2546 797 2627 valde
821 2548 1001 2651 antiqua,
1034 2547 1166 2649 quibus
1198 2544 1343 2622 additur
1371 2543 1561 2650 disciplina
1587 2548 1713 2623 Caroli

376 2704 400 2732 ‚i
422 2657 553 2762 Magni
573 2656 618 2733 ad
635 2654 1004 2734 sanetumPaulinom
1018 2654 1290 2756 Aquilc'i'ensem
1304 2651 1570 2749 Patriarcliam,
1588 2655 1622 2727 in
1640 2678 1716 2753 quo

382 2809 401 2839 η
422 2790 644 2840 memoratur
663 2761 816 2842 Ecclesia
837 2761 1078 2865 Aquileiensis
1101 2760 1335 2836 inhonorem
1356 2755 1459 2833 sansli
1481 2762 1602 2834 Marci
1624 2784 1714 2833 con-

384 2872 563 2949 n-strusla.
600 2879 715 2948 Anno
735 2900 823 2972 1355.
849 2874 1005 2947 Carolus
1023 2898 1077 2945 iv.
1104 2868 1305 2970 imperator
1332 2892 1421 2939 cum
1441 2869 1619 2968 Aquileia
1646 2863 1717 2940 sra-

382 3026 401 3053 ..
423 3003 514 3054 trem
533 2977 635 3054 soum
653 2978 850 3054 Nicolaum
872 2976 1118 3063 Patriarcham
1136 2968 1333 3062 inviseret,
1366 2972 1410 3045 ab
1432 2998 1477 3045 eo
1504 2975 1717 3077 impetravit

383 3136 401 3163 a
423 3089 568 3185 aliquot
598 3085 691 3161 solia
717 3082 879 3185 ejusdem
901 3084 1120 3188 Evangelii,
1150 3108 1230 3183 qua·
1252 3079 1287 3151 iii
1312 3078 1528 3155 Bolieniiam
1561 3078 1715 3175 detulit,

383 3242 403 3270 ‚i
424 3193 488 3268 ubi
512 3195 631 3272 adhuc
657 3191 842 3268 servantur
870 3193 907 3265 in
927 3188 1140 3264 Catliedrali
1164 3187 1317 3263 Ecclesia
1344 3187 1522 3288 Prageiisi.
1568 3183 1610 3262 ld
1631 3215 1714 3289 apc-

383 3350 401 3377 ,ι
423 3304 521 3376 riunt
542 3301 695 3407 epistola
716 3298 879 3399 quadam
902 3293 1120 3370 ferdinandi
1134 3294 1352 3369 Arcliiducis
1372 3293 1541 3385 Ansina,
1558 3304 1593 3371 δέ
1608 3297 1717 3368 Baro-

383 3456 403 3484 ..
423 3410 479 3484 nis
495 3404 670 3485 francisci
692 3404 711 3481 {i
730 3411 845 3483 Turre
869 3431 915 3478 ex
936 3402 1150 3479 Coniitibus
1172 3402 1289 3476 Vallis
1312 3400 1444 3492 Saiiat,
1469 3398 1717 3497 Foroiuliensi

384 3566 402 3591 i,
426 3515 625 3620 Dynallac,
649 3514 710 3619 qui
733 3542 829 3589 anno
849 3529 943 3613 1564.
969 3505 1192 3613 fungebatur
1213 3504 1336 3581 officio
1357 3507 1523 3583 Oratoris
1547 3507 1716 3597 Caesarei„

383 3671 403 3699 i,
425 3635 462 3701 &
479 3622 735 3699 Archiducalis
758 3620 857 3724 apud
879 3620 1164 3719 Renipublicam
1188 3620 1382 3691 Veneram.
1420 3612 1572 3712 Quippe
1595 3615 1631 3684 in
1650 3640 1716 3683 uo-

384 3777 404 3805 .
427 3734 566 3806 lumine
584 3762 613 3832 3.
640 3729 705 3805 ms.
737 3753 857 3801 rerum
887 3728 962 3825 ejus
991 3724 1213 3826 legationis,
1245 3717 1346 3820 quod
1379 3744 1463 3791 cum
1489 3720 1623 3792 caretis
1648 3744 1718 3821 ego

384 3884 405 3912 υ
427 3842 587 3940 pervolui
607 3836 702 3941 apud
723 3831 1060 3911 excellentissimum
1073 3831 1264 3905 Comitem
1280 3828 1486 3927 Philippum
1508 3823 1528 3900 ‘a
1545 3825 1660 3897 Turre
1679 3829 1715 3897 in

384 3992 405 4020 i»
427 3946 632 4045 forojulio,
653 3947 820 4020 sermone
839 3938 1045 4017 Teutonico
1073 3938 1243 4043 leguntur
1261 3933 1436 4038 epistola,
1458 3958 1546 4037 quas
1564 3932 1626 4007 hic
1650 3936 1719 4010 La-

386 4102 404 4129 „
426 4050 500 4131 tine
530 4051 690 4153 subjicio.

824 4204 1081 4298 ferdinandus
1108 4197 1322 4294 Aristidix.

386 4316 407 4343 υ

386 4423 406 4455 ιι
476 4376 794 4473 Nobilis,Dilecle
807 4371 953 4473 Fidelis,
963 4401 1006 4447 eir
1018 4370 1230 4475 apographo
1247 4370 1302 4443 liis
1316 4368 1445 4442 litteris
1459 4358 1718 4461 annexo,quod

387 4530 406 4558 ‚i
429 4486 478 4562 est
500 4490 596 4585 juata
613 4487 788 4590 originale
811 4485 965 4557 latinum
986 4481 1113 4556 Caroli
1134 4505 1188 4553 iv.
1210 4476 1441 4580 Imperatoris
1460 4470 1576 4547 felicis
1600 4492 1720 4542 iccor-

386 4638 407 4665 »,
429 4593 598 4693 dationis,
613 4589 793 4669 seruatum
815 4592 851 4665 iii
866 4586 1024 4669 Ecclesia
1035 4581 1251 4663 cathedrali
1261 4583 1378 4662 castri
1392 4580 1571 4688 Pragensis
1586 4636 1595 4669 ,
1614 4575 1720 4752 iprel-

1641 4705 1713 4761 ize<
