4264 5684
996 456 1123 648 Caput
1146 440 1353 539 decimum:
1751 483 1820 573 143

520 571 654 685 pitolio
673 568 899 671 confistunt,
918 593 1028 649 eruta
1083 566 1143 649 ille
1163 597 1251 654 ante
1263 568 1453 654 Coliseum
1466 599 1535 685 pro
1564 602 1584 655 e
1603 577 1753 657 Metam
1765 573 1819 654 lu.
1846 617 1870 651 ct

521 683 699 782 dantem,
719 690 757 760 ὅ(
775 680 823 758 ab
839 678 909 759 isto
919 674 1072 759 Colollo
1082 679 1418 791 Amphitheatrum
1432 599 1568 764 contii
1583 713 1725 766 nomen
1736 715 1818 765 mu.
1845 725 1869 760 κ

521 817 681 873 tuatllm.
1844 834 1868 869 ιι

584 899 794 1011 Hodieque
811 897 937 978 visitur
951 901 991 978 in
1009 900 1203 1013 Capitolio
1221 925 1333 1013 caput
1349 901 1444 983 illud
1461 928 1609 985 aueum
1628 902 1819 984 Colollale

521 1009 628 1120 quod
648 1009 710 1088 alii
731 1038 800 1119 pro
813 1009 1023 1088 Commodi
1041 1017 1164 1123 capite
1181 1008 1325 1091 habent
1342 1048 1351 1089 :
1369 1014 1463 1091 mihi
1481 1018 1546 1124 qui
1569 1014 1716 1093 vultum
1736 1013 1817 1124 ple-

521 1145 683 1228 rumque
702 1119 915 1229 diligentius
930 1118 1146 1228 exploravi,
1172 1120 1345 1198 nondum
1364 1120 1479 1231 plane
1503 1118 1733 1233 perspeclum
1753 1152 1817 1202 cu-

520 1229 577 1335 jus
589 1228 641 1307 sit.
650 1232 908 1336 Nequaquam
918 1227 1027 1335 hujus
1043 1229 1182 1311 Colollr
1198 1224 1816 1330 causa,uthabetflaniinius,llrn.

522 1337 781 1445 phitheatrum
791 1333 1005 1447 Vespasiani
1014 1336 1203 1420 Coliseum
1213 1363 1523 1441 vocatur‚verum
1534 1338 1685 1420 alterius
1704 1340 1818 1450 louge

522 1450 746 1525 immaniore
766 1445 918 1546 statura,
930 1472 1084 1528 centum
1105 1443 1245 1529 scilicet
1263 1474 1307 1526 ac
1333 1452 1464 1558 viginti
1484 1453 1634 1527 circiter
1654 1449 1819 1558 pedum,

524 1554 587 1632 alii
606 1584 678 1633 110.
694 1553 756 1631 alii
772 1558 895 1633 minus
913 1552 1140 1636 adscribunt.
1161 1559 1308 1636 AEneus
1327 1580 1455 1637 autem
1473 1556 1539 1637 iste
1559 1556 1584 1636 si
1604 1582 1705 1635 totus
1715 1559 1818 1667 pedi-

525 1661 593 1741 bus
610 1661 827 1745 consisteret
844 1691 892 1744 ne
912 1669 1065 1771 triginta
1075 1666 1229 1775 quidem
1238 1664 1380 1774 pedum
1389 1660 1487 1746 elset.
1497 1669 1552 1747 Ex
1561 1667 1730 1747 Martiali
1743 1669 1821 1743 Co.

523 1766 633 1849 lullus
658 1770 723 1853 ille
742 1776 864 1881 major
883 1757 1004 1854 verius
1021 1771 1163 1854 sacram
1178 1778 1277 1853 viam
1296 1778 1438 1856 cretius
1453 1800 1554 1875 erat,
1574 1775 1623 1853 fic
1641 1774 1727 1873 ille,

675 1917 832 1993 Hicubi
842 1916 987 2021 fiderem
997 1929 1134 2020 propriis
1156 1917 1262 1996 videt
1275 1914 1509 2018 astracoloſjus

788 2037 837 2103 Et
853 2026 991 2119 crescunt
1008 2029 1121 2103 media
1143 2043 1310 2134 pegmata
1330 2023 1417 2129 calfit
1432 2034 1500 2101 via

669 2132 855 2233 Invidiosa
862 2129 935 2229 feri
951 2131 1148 2213 radiabant
1165 2139 1265 2210 attia
1286 2139 1402 2241 Regis.
1432 2190 1439 2201 .

527 2306 646 2414 Qleis
665 2301 851 2382 Martialis
867 2299 989 2380 verbis
1008 2296 1155 2411 prorsus
1179 2298 1355 2403 levatur,
1382 2328 1425 2381 ut
1452 2328 1538 2382 mea
1563 2303 1719 2412 quidem
1751 2300 1826 2381 fert

527 2415 677 2521 opinio,
693 2412 827 2515 injedla
843 2407 893 2488 de
916 2410 985 2489 situ
1002 2413 1186 2488 atriorum
1209 2434 1332 2487 aureae
1348 2410 1485 2490 domus
1503 2416 1693 2510 Neronis,
1714 2424 1827 2511 (nam

527 2519 650 2600 deilla
668 2516 856 2599 Martialis
870 2522 992 2627 agit,)
1019 2515 1229 2597 difficultas.
1251 2514 1421 2597 Colollus
1453 2524 1656 2618 nimirum,
1687 2517 1750 2597 ille
1770 2524 1824 2595 in.

528 2655 644 2738 quam
663 2630 836 2704 immanis
853 2624 996 2736 pedum
1012 2625 1096 2736 plus
1105 2649 1474 2727 centenorum,ante
1485 2623 1676 2708 Coliseum
1685 2624 1828 2725 stabat,

528 2741 589 2814 cui
616 2743 655 2814 ὅ(
681 2761 825 2814 nomen
851 2733 989 2813 indidit
1014 2780 1024 2836 5
1045 2756 1223 2844 pegmata
1249 2761 1402 2843 quoque
1427 2737 1500 2815 sive
1528 2735 1734 2815 theatrales
1751 2761 1828 2812 ma-

529 2845 649 2923 chine
668 2844 805 2924 eadem
820 2847 911 2923 item
933 2867 1039 2951 parte
1063 2839 1316 2952 erigebantur.
1335 2846 1486 2922 Domus
1505 2867 1634 2925 autem
1659 2847 1828 2923 Neronis

529 2978 644 3032 aurea
669 2957 724 3029 uti
747 2953 906 3029 diximus
922 2951 943 3029 al
963 2948 1109 3029 Palatio
1129 2948 1384 3058 Augustorum
1402 2952 1501 3032 redd
1509 2953 1560 3032 ad
1578 2957 1611 3032 S.
1623 2954 1780 3032 Petrum
1789 2955 1828 3027 in

528 3059 702 3138 Vinculis
711 3058 1011 3167 protendebatur
1030 3095 1039 3137 ι
1055 3062 1152 3136 atria
1168 3062 1281 3167 igitur
1299 3086 1346 3138 ex
1363 3059 1556 3161 Martiali,
1587 3053 1741 3139 adversa
1761 3055 1828 3133 sta.

530 3195 608 3278 gno
625 3191 734 3247 erant
751 3213 760 3267 5
776 3172 816 3245 in
839 3166 1039 3272 cujusloco
1058 3166 1198 3246 deinde
1223 3162 1413 3248 Colileum
1431 3173 1638 3250 excitatum
1649 3234 1661 3270 ‚
1673 3194 1720 3248 ex
1728 3159 1827 3243 hisce

531 3281 623 3355 item
639 3275 825 3355 Martialis
845 3274 966 3354 verbis
985 3312 993 3353 :

719 3428 803 3500 Hic
820 3418 874 3495 abr·
894 3419 1049 3524 conspicui
1066 3418 1273 3497 venerabilis
1290 3417 1548 3519 Amphitheatri

836 3535 990 3634 Erigitur
1002 3526 1120 3623 moles,
1132 3532 1260 3632 stagna
1278 3535 1433 3606 Neronis
1449 3548 1558 3606 erant.

532 3716 685 3795 Domus
702 3736 822 3790 aureze
838 3710 1007 3789 Neronis
1017 3731 1242 3788 ornamenta
1251 3713 1461 3820 miramque
1475 3706 1739 3818 supelleeiilem
1753 3708 1829 3791 fuse

533 3845 663 3901 narrat
675 3821 870 3900 Suetonius
891 3862 901 3916 3
920 3820 959 3893 in
976 3816 1144 3916 ca‚teste
1163 3817 1304 3916 Plinio,
1324 3817 1509 3928 templum
1528 3820 1704 3898 Fortuna:
1715 3823 1825 3919 Seiae,

533 3959 612 4038 quo
632 3928 719 4007 loco
738 3932 901 4036 primum
920 3922 942 4001 al
962 3927 1090 4003 Servio
1108 3923 1239 4005 Tullio
1255 3922 1438 4006 sacratum
1457 3925 1600 4027 fuerat,
1620 3926 1828 4005 construxit

533 4041 645 4118 Nero
661 4064 707 4116 ex
725 4034 849 4144 lapide
871 4030 1118 4140 pellucidum
1138 4034 1197 4111 Ca
1222 4035 1383 4141 padoeia
1402 4058 1575 4143 repertu,
1604 4037 1708 4142 cujus
1724 4059 1829 4112 tanta

532 4142 843 4254 perspicuitas,ut
862 4139 1026 4220 interdiu
1040 4138 1168 4219 clausis
1184 4061 1326 4219 litibus
1362 4147 1399 4219 ui
1417 4146 1516 4220 intus
1526 4138 1642 4221 ellent
1661 4140 1826 4220 claralu-

534 4279 578 4331 ce
597 4251 833 4347 fruerentur,
851 4247 918 4327 etsi
938 4247 1060 4328 nullus
1070 4249 1143 4326 luci
1153 4171 1692 4357 meamsrilidluselletzquare
1709 4249 1829 4357 phen-

535 4364 630 4470 gites
648 4360 670 4436 al
690 4355 889 4468 splendore
908 4356 1000 4466 lapis
1022 4355 1229 4437 dicebatur.
1251 4358 1344 4439 Vidi
1361 4363 1424 4467 qui
1442 4359 1557 4438 fidem
1577 4356 1698 4435 Plinio
1715 4384 1829 4466 nega-

534 4490 643 4566 rent,
657 4475 695 4547 &
712 4470 1015 4545 commentitium
1032 4458 1103 4547 elle
1122 4489 1201 4544 tem
1228 4463 1307 4544 lum
1326 4463 1537 4573 hujusmodi
1557 4466 1747 4565 dicerent,
1760 4493 1830 4543 nec

535 4575 612 4655 line
638 4573 786 4653 fastidio
816 4577 1010 4653 narrantis.
1038 4576 1091 4653 At
1144 4577 1150 4588 '
1185 4576 1191 4588 ’
1230 4578 1333 4653 eain
1358 4602 1397 4655 re
1417 4574 1530 4654 fidem
1552 4568 1728 4682 superat3
1753 4577 1830 4650 imo

537 4710 628 4763 vero
653 4683 880 4793 quotidianis
899 4685 1164 4792 experimentis
1178 4685 1283 4792 paria
1299 4680 1608 4794 comprobantur.
1632 4681 1832 4761 Florentia:
