4422 5692
437 499 512 589 192
889 468 1083 564 Diarium
1110 469 1313 566 Italicam.

436 598 566 711 equis,
584 619 631 677 ea
668 595 1244 711 atsQuirinalisnomenlortita
1263 597 1318 681 est
1339 609 1472 685 Monte
1491 598 1645 682 cavallo.
1671 602 1780 684 Lon.

438 735 489 824 ge
513 707 660 790 divera
681 733 813 788 narrat
833 708 1069 811 Flaminius,
1088 711 1183 791 dum
1202 715 1257 791 ait
1281 703 1393 791 hasce
1415 716 1621 824 gigantaeas
1637 710 1782 794 statuas

440 819 538 902 olim
557 846 647 902 ante
669 818 832 902 domum
853 848 1011 904 auream
1027 827 1200 905 Neronis
1218 818 1438 904 constitisse:
1451 800 1585 905 seille.

396 961 421 1003 υ
501 933 651 1047 Opinio
670 932 980 1039 multominus,
1004 938 1179 1048 gigantes
1201 938 1267 1044 qui
1290 961 1393 1013 nunc
1410 939 1449 1013 in
1469 940 1611 1017 Monte
1624 932 1777 1016 caballo

397 1073 423 1114 r>
443 1039 557 1147 sunt,
584 1048 793 1157 antiquitus
813 1041 950 1130 stetisse
967 1071 1058 1129 aute
1105 1070 1232 1127 ortam
1254 1044 1393 1127 domus
1417 1047 1555 1128 Aurea
1571 1049 1778 1148 Neronis,

398 1186 424 1226 υ
445 1182 564 1267 atque
583 1154 674 1239 inde
695 1179 919 1270 exportatos
937 1185 960 1240 a
982 1074 1270 1260 consonano,
1289 1153 1439 1235 basibus
1451 1155 1525 1236 illis
1542 1157 1776 1271 praegraudr.

399 1298 424 1337 u
447 1267 516 1348 bus
535 1267 734 1380 impositos
747 1264 913 1371 suisse,a
958 1268 1065 1350 uibus
1087 1273 1192 1350 Sixto
1204 1274 1251 1349 V.
1263 1266 1420 1378 jubente
1438 1276 1579 1349 remoti
1598 1264 1693 1349 sunt.
1713 1265 1776 1350 lis-

399 1410 426 1449 2³
447 1379 539 1461 dem
560 1387 599 1459 in
621 1377 770 1460 basibus
790 1378 949 1463 consiste
979 1407 1046 1462 ant
1069 1381 1148 1461 duo
1168 1378 1346 1462 Castores
1363 1386 1591 1481 marmorei,
1611 1407 1635 1458 a
1654 1380 1777 1460 Paulo

399 1523 426 1562 a
447 1494 516 1573 lll.
534 1495 573 1570 in
593 1490 834 1604 Capitolium
852 1489 1051 1576 transvecti
1078 1538 1087 1597 5
1110 1495 1176 1603 qui
1199 1493 1279 1599 jam
1310 1494 1350 1570 iu
1371 1516 1644 1573 ornamentum
1668 1487 1777 1570 scalae

400 1636 426 1675 a
448 1603 536 1683 Arae
560 1600 633 1683 celi
653 1599 805 1705 ,versus
821 1604 921 1688 aedes
935 1608 1154 1687 vSenatoriras
1176 1605 1220 1682 in·
1232 1597 1333 1682 scala
1354 1602 1523 1684 cochlea
1541 1599 1782 1704 antefacta,

400 1751 426 1791 a
475 1712 560 1793 oliti
579 1708 674 1793 sunt.
702 1717 807 1795 Cum
824 1740 956 1798 autem
976 1719 1102 1818 Sixtus
1117 1719 1167 1796 V.
1188 1739 1423 1795 memoratas
1443 1708 1777 1817 basesdiruit,ob

401 1866 426 1903 a
447 1742 597 1907 servavi
618 1823 763 1936 lapides
783 1821 909 1907 uersus
934 1856 1088 1908 murum
1107 1825 1279 1939 positos,
1302 1818 1469 1938 sculptos
1488 1822 1591 1907 fuisse
1611 1834 1650 1907 δ’(
1668 1823 1778 1907 vesti-

402 1977 428 2015 „
451 1943 511 2052 gia
532 1940 761 2018 Neroniana
807 1934 988 2041 raeserte,
1008 1943 1124 2048 quia,
1149 1965 1198 2018 ex
1215 1931 1295 2047 ipso
1313 1945 1438 2047 operis
1449 1936 1780 2039 mod0,a1rimad‘-

405 2089 430 2125 υ
452 2053 548 2131 vetti
570 2046 727 2129 coliem
745 1965 817 2129 ese
838 2053 903 2160 qui
931 2049 1054 2130 hodie
1070 2052 1110 2128 in
1126 2041 1362 2158 frontispicio
1381 2042 1577 2151 visuntur,
1597 2043 1779 2161 idipsum-

406 2200 432 2239 „
452 2188 529 2353 que
546 2164 585 2239 in
605 2159 755 2271 aliquot
780 2159 969 2276 lapidibus
992 2228 1003 2264 ‚
1033 2158 1222 2241 memoria
1241 2184 1330 2239 mea
1354 2157 1435 2240 istic
1461 2164 1654 2242 excavatis
1675 2228 1687 2264 ,
1707 2159 1777 2241 ob-

405 2312 431 2350 ri
466 2296 636 2355 efflatur.

404 2424 430 2473 ‚a
505 2382 711 2493 Qioloeo
728 2384 841 2495 posti
857 2379 1050 2496 suntequi
1068 2388 1110 2465 in
1129 2387 1275 2468 Monte
1289 2381 1553 2486 cabal10,sive
1617 2385 1780 2488 uirinali,

402 2535 428 2572 n
452 2495 642 2575 recordor
657 2492 787 2577 vidisse
805 2524 870 2577 me
887 2495 1035 2578 molem
1054 2495 1267 2607 quamdam
1277 2524 1325 2579 ex
1336 2493 1499 2576 silicibus
1515 2499 1617 2577 &Ti
1647 2502 1781 2578 urtinis

401 2647 428 2684 n
450 2608 635 2718 impolitis
652 2605 852 2709 limitum,
870 2637 955 2718 qua:
973 2601 1054 2687 solo
1073 2606 1478 2720 complanatafitit,ut
1486 2608 1564 2717 jam
1576 2607 1781 2691 videreest.

402 2758 427 2796 a
450 2719 552 2798 Puto
572 2715 651 2798 istic
672 2714 777 2800 fuisse
797 2714 1068 2824 mausoleum3
1106 2746 1181 2799 nec
1209 2717 1315 2800 aliud
1343 2721 1558 2828 conjesiarc
1602 2714 1786 2832 possum,

401 2869 427 2908 υ
454 2830 612 2941 quando
637 2833 874 2910 ornamentis
894 2827 1073 2910 omnibus
1091 2825 1271 2942 spoliatus
1288 2854 1373 2911 erat
1389 2829 1506 2911 locus.

518 2935 761 3023 Mausoleum
780 2966 885 3023 certe
906 2937 1010 3022 fuiffe
1028 2969 1113 3022 non
1125 2945 1255 3053 potuit
1267 3008 1278 3044 ,
1290 2939 1523 3053 quandohic
1535 2940 1786 3024 locusatem-

479 3080 549 3134 ore
569 3048 685 3162 usque
704 3057 821 3134 Servii
834 3051 957 3134 Tullii
975 3054 1077 3132 iutra
1086 3050 1201 3132 Urbis
1220 3056 1366 3133 moenia
1384 3075 1495 3155 erat,
1512 3051 1577 3131 ubi
1593 3082 1673 3134 non
1691 3052 1784 3136 lice-

450 3080 953 3276 batumulolea&sepulcra
969 3168 1149 3245 excitare.
1168 3164 1244 3246 Etsi
1264 3193 1383 3277 porro
1402 3157 1695 3273 lexhujusmodi
1707 3170 1785 3245 vio.

449 3274 530 3355 lata
547 3274 673 3357 suerit.
697 3279 826 3377 Nam,
844 3300 887 3355 ut
907 3272 1028 3356 habet
1055 3274 1320 3387 Capitolinus,
1340 3275 1560 3355 Antoninus
1580 3277 1667 3355 Pius
1682 3280 1784 3355 intra

450 3386 564 3467 urbes
585 3412 759 3467 mortuos
784 3382 930 3500 sepeliri
953 3390 1099 3489 vetuit,
1122 3389 1213 3495 quia
1231 3381 1374 3467 scilicet
1393 3386 1414 3464 i
1435 3383 1557 3498 prisco
1578 3390 1653 3464 ritu
1672 3386 1789 3467 intilti

450 3489 683 3580 recesserant
704 3544 712 3601 ᾗ
734 3496 881 3577 nullum
901 3524 1033 3578 tamen
1053 3495 1218 3576 vidimus
1237 3489 1495 3599 mausoleum,
1518 3495 1785 3609 siveinsrgnio.

451 3617 501 3690 ris
521 3636 621 3688 nota·
642 3606 986 3722 sepulcrumpntra
998 3605 1112 3688 Urbis
1122 3611 1269 3688 muenia
1279 3606 1655 3688 exaedificatumlitfi
1666 3638 1789 3721 porro

451 3727 599 3801 moenia
617 3719 686 3801 illu
710 3751 792 3800 avo
813 3725 853 3799 iu
873 3720 973 3801 clivo
993 3719 1205 3831 Quirinalis
1224 3724 1351 3803 ereata
1368 3714 1513 3822 essent,
1532 3719 1582 3799 ad
1597 3747 1785 3802 cacumen

452 3826 569 3943 usque
586 3840 728 3912 montis
747 3862 825 3912 non
844 3830 1128 3945 pertingebant.

403 3982 430 4018 >a
509 3947 681 4025 Ericino
706 3943 893 4024 recordor
912 3968 1062 4025 emtam
1079 3937 1183 4024 sulse
1197 3946 1368 4025 Romam
1387 3938 1583 4027 sedentem
1596 4012 1606 4045 ,
1618 3971 1665 4024 er
1684 3971 1789 4023 mar.

404 4093 429 4131 a
453 4080 565 4134 more
589 4053 763 4166 Saligno,
782 4080 919 4165 quater
936 4054 1078 4135 statuti
1096 4053 1245 4167 vulgari
1266 4058 1650 4168 majorem,aperito
1669 4053 1787 4134 artili-

405 4204 431 4241 η
456 4192 501 4247 ce
519 4163 774 4246 elaboratam.
796 4170 960 4276 Eratque
979 4165 1085 4245 haud
1103 4165 1223 4246 dabit
1244 4164 1442 4269 consessa,
1462 4194 1504 4247 ut
1524 4164 1659 4279 procul
1678 4190 1792 4277 pate-

406 4316 431 4351 „
456 4274 678 4379 retoculis5
702 4276 809 4387 quotl
828 4303 875 4357 ex
887 4272 1110 4386 quibusdam
1123 4275 1309 4358 statuaria
1320 4283 1411 4358 artis
1421 4276 1716 4390 depressionibus
1727 4304 1792 4356 ar-

409 4427 436 4463 „
511 4390 658 4469 ebatur.
686 4383 806 4500 Ipsam
830 4393 973 4468 coemit
991 4386 1208 4468 Cardiualis
1226 4392 1488 4493 Ferrariensrs,
1508 4400 1546 4470 ἃ
1564 4418 1601 4469 m
1626 4388 1787 4468 liortum

408 4538 435 4576 υ
456 4417 564 4581 silbin
584 4497 1398 4612 proxirntblontemcaballumdeportavit.

517 4611 618 4692 Puto
636 4609 897 4691 eamstatuam
908 4604 1000 4713 esse,
1011 4636 1095 4721 quae
1106 4607 1274 4688 inliottis
1284 4612 1502 4714 Perretinis,
1518 4617 1556 4693 in
1568 4619 1711 4695 vertice
1720 4636 1787 4723 ag.

455 4725 556 4837 geris
566 4725 775 4833 Tarquinii
789 4715 995 4834 suspicitur.

405 4854 436 4893 ’ἢ
510 4836 732 4918 Fianiu
751 4860 835 4919 rus
869 4838 1082 4920 vicen.
1109 4832 1155 4911 in
1176 4833 1289 4912 vinea
1311 4833 1365 4914 D.
1393 4833 1594 4917 Dominici
1621 4832 1796 4937 Blondi,

1693 4975 1779 5059 quat
