4180 5684
775 477 901 593 Caput
920 461 1151 591 nigestennm
1174 463 1376 558 obianum.
1698 514 1724 588 4
1728 511 1770 591 53

509 596 613 678 Libe.
628 622 657 695 3.
678 602 771 676 Dux
791 600 864 691 eins
883 598 902 694 (
921 604 1065 673 Xerxis
1075 598 1093 691 )
1116 591 1370 674 Arcbaemenes.
1394 594 1522 703 Lege,
1541 592 1771 676 Achaemenes

453 736 501 789 ex
515 704 752 803 Herodoto,
774 701 922 803 Ctesia,
942 709 982 781 ἃ
1005 700 1212 807 Diodoro3
1240 703 1365 785 codex
1389 710 1534 815 primus
1557 708 1769 786 Vaticanus

450 816 593 916 habet,
612 812 842 897 Athamanes.

506 926 604 1007 Ibid.
622 936 694 1006 Per
710 922 938 1033 Agabanem.
970 920 1099 1003 Scribe
1122 926 1391 1035 Megalesium,
1409 926 1472 1007 vel
1491 924 1637 1037 Megab
1665 922 1766 1030 sum,

451 1065 501 1118 ex
521 1033 734 1115 Herodoto
759 1041 797 1112 dc
816 1031 1028 1136 Diodoro,
1048 1033 1140 1115 licet
1160 1037 1199 1113 in
1218 1035 1326 1115 nullo
1348 1036 1485 1120 codice
1507 955 1766 1147 manudripto

452 1148 581 1226 littera
591 1151 714 1255 prima
732 1168 963 1255 compareat.

506 1256 667 1337 Ibidem.
686 1255 1058 1361 ConlitiqneSicienia
1073 1252 1119 1349 ἔγ
1137 1254 1316 1337 Corinthio
1329 1278 1478 1367 tyranno.
1522 1258 1696 1340 Emenda
1710 1283 1765 1338 ‘ex

453 1366 647 1446 codicibus
661 1370 867 1464 Romanis,
881 1364 1054 1471 Alitiqne
1073 1374 1211 1478 Sicyone
1225 1364 1271 1459 ὠ»
1283 1366 1466 1450 Corinthii
1485 1369 1612 1470 idest,
1633 1396 1674 1447 ut
1686 1397 1765 1448 cre-

451 1484 576 1557 verint
596 1486 634 1557 &
648 1478 719 1555 nlte'
738 1471 935 1555 evaserint.
958 1477 1024 1556 De
1044 1479 1086 1552 iis
1099 1481 1162 1585 qui
1180 1505 1309 1556 rerum
1320 1481 1433 1586 potiti
1453 1504 1563 1559 erant
1582 1481 1764 1559 Corinthi

450 1598 488 1669 dc
507 1593 667 1696 Sicyone
686 1610 819 1697 egerat
837 1584 915 1665 hoc
936 1585 1035 1667 libro
1052 1590 1208 1698 Trogus
1219 1633 1230 1691 3
1259 1614 1393 1666 verum
1420 1588 1470 1669 dc
1494 1590 1568 1668 istis
1587 1588 1764 1669 omnibus

449 1696 723 1809 nihiljustinus
743 1695 871 1776 habet.

503 1807 599 1887 Ibid.
621 1812 762 1890 Bellum
782 1806 946 1919 Crestnsn.
973 1804 1122 1887 Bellum
1135 1804 1307 1888 Criseum
1318 1807 1380 1889 vel
1392 1803 1585 1889 Crilsaeum
1601 1835 1666 1889 aut
1679 1814 1764 1889 Cri-

449 1913 571 1998 saum.
599 1922 657 1997 Sic
679 1914 825 1999 habent
843 1916 1110 1998 omnes'codd.
1128 1913 1207 1997 mss.
1237 1922 1291 1999 Eo
1311 1917 1389 1997 loci
1399 1945 1532 2031 egerat
1545 1926 1698 2031 Trogus
1716 1923 1766 2001 de

450 2025 554 2105 bello
572 2026 676 2138 gesto
695 2056 717 2106 a
737 2027 933 2108 Clistheue
959 2053 1124 2136 tyranno
1145 2032 1411 2139 Sicyoniorum
1436 2056 1573 2110 contra
1595 2027 1766 2111 Crilsaeos

448 2161 515 2213 aut
537 2137 749 2245 Cyrrhaeos.
777 2142 842 2218 De
863 2168 940 2247 quo
961 2138 1146 2249 legendus
1162 2143 1367 2221 Frontinus
1386 2139 1450 2221 lib.
1471 2171 1500 2243 3.
1517 2171 1548 2223 c.
1565 2173 1599 2247 7.
1611 2170 1715 2222 num.
1731 2150 1765 2220 6.

450 2256 489 2328 δέ
509 2242 706 2326 Pausanias
725 2252 765 2323 in
785 2247 968 2327 Phocicis.

488 2419 492 2425 ·
508 2356 606 2437 lbid.
621 2371 676 2441 M
678 2355 839 2444 effinnicn
852 2403 861 2458 3
874 2356 980 2467 lege,
995 2371 1050 2440 M
1052 2356 1226 2465 effeninen.

504 2468 602 2548 Ibid.
621 2478 782 2579 Sicyema
803 2466 849 2561 ὦ*
870 2468 1059 2549 Corinthio.
1093 2473 1219 2580 Lege,
1239 2480 1388 2580 Sicyonii
1410 2471 1456 2563 (ᾧ
1475 2473 1662 2553 Corinthii.
1755 2524 1758 2530 ·

505 2579 603 2659 Ibid.
626 2595 675 2660 Et
689 2578 782 2685 qued
795 2577 1034 2690 Athenienses.
1062 2594 1110 2660 Et
1135 2582 1258 2688 qued(
1281 2578 1422 2661 scilicet
1441 2580 1617 2681 bellum)
1648 2586 1766 2665 Athe-

450 2691 578 2803 nienfi’s
592 2696 704 2793 primi
725 2718 799 2766 cum
816 2699 971 2782 Beetn,
991 2688 1111 2767 deinde
1129 2720 1205 2768 enm
1223 2692 1473 2801 Peloponnefiis
1486 2692 1658 2803 geffinent.
1680 2696 1765 2777 Bel.

452 2801 532 2879 lum
551 2797 840 2879 Atheniensem
863 2824 999 2877 contra
1015 2804 1194 2900 Boeotos,
1214 2803 1378 2909 &quod
1397 2802 1767 2914 Peloponnesiacum

481 2911 648 3010 rocessit,
669 2908 804 2987 incidit
819 2914 858 2986 in
883 2936 1026 2988 annum
1049 2940 1078 2987 2.
1099 2910 1345 3022 Olympiadis
1370 2919 1420 3014 83.
1449 2915 1515 2994 De
1534 2945 1612 3025 quo
1633 2914 1765 2996 consu-

453 2940 588 3100 lendus
608 3019 808 3099 Diodorus
827 3017 927 3097 libro
949 3050 998 3098 12.

504 3131 651 3210 Eodem
669 3135 706 3207 in
724 3127 893 3241 Prologo
912 3128 996 3240 post
1015 3130 1118 3210 hanc
1136 3158 1298 3231 vocem,
1317 3131 1554 3231 Archedemo,
1582 3136 1693 3215 addit
1704 3168 1767 3215 co.

452 3240 528 3321 dex
545 3239 642 3320 alter
661 3239 908 3320 Colbertinus
927 3242 1104 3331 interfefln
1116 3278 1126 3318 :
1138 3270 1265 3350 neque
1281 3241 1347 3320 abs
1364 3271 1405 3322 re
1425 3281 1432 3322 :
1450 3274 1530 3322 non
1556 3252 1657 3324 enim
1680 3248 1763 3356 pul.

449 3348 505 3430 sus
524 3342 666 3452 solltm,
683 3346 746 3430 sed
762 3348 979 3430 intersedus
992 3348 1064 3430 fuit
1091 3351 1139 3429 ab
1159 3354 1379 3432 Artaxerxe
1401 3354 1629 3435 Artabanus.
1659 3361 1765 3468 Lege

449 3466 590 3572 itaque.
603 3459 1531 3571 PulsointersisterePatrisArtaban03&interficio.
1543 3466 1690 3545 Postea.
1702 3482 1767 3549 Ut

448 3574 496 3650 ab
520 3586 573 3655 H
574 3574 694 3650 crealis
705 3578 841 3676 posteris
861 3582 991 3654 Dorice
1004 3573 1127 3678 popule
1148 3598 1178 3651 et
1196 3598 1368 3677 occupata.
1414 3574 1552 3655 Codex
1565 3606 1659 3654 unus
1672 3579 1764 3656 Col-

450 3682 619 3762 bertinus
642 3682 789 3783 habet,
808 3693 880 3764 Pro
897 3692 1028 3764 Dorico
1047 3683 1190 3788 populo,
1207 3693 1245 3763 dc
1270 3688 1371 3763 rede
1389 3685 1557 3793 quidem.
1590 3686 1765 3789 Ibidem,

448 3794 630 3872 codicum
652 3793 742 3873 licet
756 3792 897 3871 auxilio
923 3792 1121 3872 destitutus
1140 3797 1194 3871 ita
1216 3794 1303 3903 lego
1329 3827 1338 3871 ε
1359 3795 1583 3902 Peloponnesi
1597 3812 1765 3907 origines,

449 3934 529 3983 non
551 3903 847 4011 Peloponnenfiurn
861 3950 871 4005 3
887 3908 1030 3982 etenim
1042 3932 1155 3982 voces
1165 3904 1239 3982 ista:
1250 3905 1505 4011 ,fitnccnpnta,
1516 3904 1565 3981 ad
1579 3905 1766 4015 singulare

447 4015 720 4113 soemininum,
736 4007 1041 4123 Peloponnesum
1062 4009 1222 4113 scilicet,
1243 4012 1445 4092 necessario
1465 4012 1694 4097 reseruntur.

506 4125 623 4203 Libro
648 4154 672 4229 5.
696 4136 843 4224 Propter
856 4122 1013 4227 Greffinn.
1036 4124 1227 4223 Emenda,
1249 4138 1386 4236 Cyrum.
1415 4127 1495 4204 Hic
1513 4131 1614 4203 cmm
1632 4127 1770 4236 chy.

448 4264 493 4311 ro
503 4236 652 4338 juniore
671 4232 749 4309 filio
767 4237 935 4313 Darii&
953 4233 1176 4341 Parysatidis
1193 4240 1327 4343 agitur.
1354 4232 1560 4313 lnduobus
1572 4242 1765 4316 Vaticanis

447 4351 487 4421 &
506 4348 544 4417 in
565 4346 807 4421 Maximiano
828 4345 963 4423 codice
982 4344 1140 4452 legitur,
1161 4358 1328 4455 Cyneum.

503 4450 623 4530 Libro
654 4460 688 4530 6.
705 4456 868 4537 Ducibus
886 4455 965 4530 beer
994 4456 1192 4535 Herculeae
1217 4454 1289 4548 Coc.
1326 4456 1520 4551 timenda,
1540 4454 1765 4556 Deeeellide,

450 4559 511 4638 vel
534 4562 760 4654 Derculide,
781 4591 827 4642 cx
849 4565 1136 4673 Xenophonte,
1154 4565 1336 4645 Diodoro
1351 4575 1389 4643 ἅ
1409 4558 1674 4644 Plutarchum
1689 4571 1767 4643 vita

447 4668 636 4779 Agesilai,
664 4679 702 4748 ἃ
722 4675 775 4747 ita
795 4672 934 4782 legitur
955 4681 993 4751 in
1014 4676 1149 4755 codice
1170 4708 1195 4756 ι.
1216 4680 1416 4758 Vaticano.

503 4778 601 4862 Ibid.
622 4780 829 4862 Alexandri
853 4798 993 4889 Epiner‘.
1023 4788 1196 4869 Eruenda
1214 4786 1365 4872 Phenei.
1392 4787 1519 4893 Hujus
1538 4789 1712 4891 Tyranni
1728 4793 1768 4865 δε

1485 4893 1564 4975 l.ll
1583 4897 1619 4999 iij
