4180 5684
856 452 982 567 Caput
997 431 1233 564 ‹vigefimam
1251 429 1452 525 offanum.
1765 470 1853 561 445

527 579 671 671 ximus,
690 573 729 647 in
750 563 885 647 charta
903 564 1201 644 membranacea
1210 560 1421 643 tenuissima
1440 583 1661 653 exaratum,
1679 561 1852 645 aiebant-

529 710 604 792 que
618 678 693 792 ipsa
711 685 743 760 5.
755 673 899 759 Eusebii
911 704 1048 778 manu,
1060 678 1124 783 qui
1135 671 1269 753 saeculo
1281 698 1420 781 quarto
1431 673 1581 773 floruit,
1595 668 1851 783 descriptum,

527 795 740 872 versionem
773 816 819 868 ue
844 817 891 868 ex
913 788 1055 866 Graeco
1084 789 1124 863 in
1153 788 1334 864 Latinum
1362 784 1576 865 abeodem
1606 782 1850 869 adornatam.

527 901 733 984 Nonnulla
746 820 843 978 bine
862 909 900 980 &
916 898 1007 977 inde
1028 894 1123 1007 legi,
1143 899 1393 1004 comperique
1412 897 1625 977 versionem
1638 890 1710 975 esse
1727 922 1749 973 a
1766 896 1850 975 vul-

555 1036 619 1091 ata
633 1010 761 1091 nostra
779 1036 864 1090 toto
885 1008 978 1089 calo
996 1001 1288 1118 discrepantem.
1318 1008 1458 1087 Codex
1477 1008 1606 1087 multis
1625 1013 1665 1087 in
1682 1007 1853 1117 partibus

527 1041 777 1204 sabesadtatus
788 1116 1093 1233 putresadiusque
1111 1115 1306 1225 est‚qu0d
1324 1114 1409 1197 casu
1426 1119 1510 1229 plus
1528 1148 1644 1228 quain
1663 1120 1853 1201 vetustate

528 1230 688 1314 evenisse
714 1232 941 1313 diditabant
977 1228 1188 1307 narrabant
1218 1253 1265 1307 ue
1286 1226 1353 1305 diu
1379 1233 1419 1307 in
1436 1229 1592 1308 flumine
1610 1226 1828 1311 demersum

528 1346 695 1455 indeque
709 1371 863 1425 erutum
882 1338 999 1422 fuisse.
1035 1343 1163 1449 Hujus
1182 1257 1435 1450 diphabetum
1453 1340 1516 1419 hic
1535 1341 1680 1422 danius.

1841 1297 1854 1333 >

629 1560 1751 1744 abebefubiimnopqusssux

579 1796 709 1877 Alium
740 1797 833 1872 item
862 1790 1003 1869 librum
1032 1787 1174 1867 eodem
1197 1791 1236 1864 in
1265 1782 1428 1864 sacrario
1457 1784 1666 1897 repositum
1696 1783 1853 1865 aiebant

525 1904 603 1987 usui
625 1898 727 1987 fuisse
754 1908 785 1983 S.
813 1898 971 1983 Eusebio
992 1896 1252 1998 Vercellensi,
1279 1895 1344 1977 sed
1364 1925 1418 1977 xi.
1448 1899 1602 1977 tantiam
1628 1894 1751 1976 saculi
1779 1895 1851 1977 esse

523 2019 700 2098 arbitror.
743 2013 925 2094 Proxime
948 2010 1085 2089 ostium
1111 2007 1277 2088 ecelesiae
1293 2010 1396 2116 jacet
1413 2006 1629 2120 inscriptiO,
1649 2009 1739 2087 loco
1759 2034 1850 2117 pro,

522 2134 607 2240 prio
621 2152 747 2225 mota,
762 2153 878 2235 quam
891 2122 953 2201 hit
975 2121 1199 2231 confignare
1210 2114 1340 2199 visum.
1365 2120 1617 2231 Pertinetque
1635 2120 1685 2197 ad
1705 2123 1850 2200 Hono·

523 2265 650 2319 ratum
667 2234 891 2349 Episcopum
903 2228 1204 2332 Vercellensein,
1216 2229 1264 2309 ab
1277 2225 1436 2313 Eusebio
1447 2256 1666 2313 memorato
1679 2236 1848 2311 tertium.

687 2472 832 2544 Tertius
853 2454 942 2534 siunt
958 2453 1051 2533 urbis
1061 2454 1178 2565 fidem
1194 2466 1305 2533 tenuit
1324 2466 1537 2540 Honoratus

716 2573 898 2675 Antistiu,
913 2572 1007 2661 cujus
1019 2564 1165 2674 spiratus
1182 2570 1277 2668 astra
1292 2590 1389 2644 tenet.

681 2680 844 2793 Eusebius
852 2676 978 2788 pristis
986 2690 1123 2780 primata
1141 2688 1204 2781 qui
1222 2702 1355 2786 murno
1372 2678 1559 2782 alumpnus

716 2792 885 2873 Casuram
902 2792 1081 2891 postquam
1099 2815 1202 2895 regna
1221 2785 1328 2862 brata
1341 2798 1456 2891 petiti

675 2916 728 2985 H
731 2916 762 2979 ic
774 2926 879 3007 pitter
895 2897 1078 3006 Ecrsifiam
1100 2896 1214 2973 docuit
1230 2894 1320 2973 hanc
1336 2898 1494 3007 dogmate
1511 2923 1599 2977 certo

710 3024 736 3095 S
738 3041 884 3089 rimanti
901 3008 1065 3112 rornpsens
1083 3005 1225 3083 assidua
1245 3006 1313 3115 ipse
1320 3006 1410 3117 ficos.

673 3138 792 3206 Terris
811 3152 854 3199 cit
872 3120 947 3198 creso
967 3114 1156 3228 conspicuus
1170 3115 1297 3222 ubique
1311 3124 1471 3227 magistro

712 3232 853 3345 Eusebio
864 3228 985 3343 consors
996 3227 1052 3306 liic
1062 3238 1274 3309 Honoratus
1285 3228 1388 3332 adest

574 3464 649 3541 His
665 3450 871 3566 conspeeb's
889 3452 1038 3530 visimus
1057 3447 1263 3531 Ecclesiam
1282 3446 1402 3528 beatae
1422 3455 1557 3532 Maria
1575 3452 1758 3557 Majoris3
1776 3440 1843 3529 bu.

518 3573 578 3680 jus
595 3570 777 3666 stratum,
797 3570 997 3673 antiquum
1016 3591 1110 3671 opus
1136 3560 1322 3639 musivum
1340 3560 1394 3640 est
1415 3629 1424 3662 ‚
1454 3592 1532 3670 quo
1553 3559 1845 3671 repraesentatur

522 3676 1187 3790 historiaJuditbaezsiguraemagnam
1200 3675 1251 3747 im
1282 3671 1841 3754 errrramubaibariemolent.

524 3791 747 3873 Monstrant
767 3786 911 3865 ibidem
928 3791 967 3862 in
985 3784 1134 3894 capelia
1162 3700 1328 3890 quaisam
1352 3787 1392 3859 B.
1419 3786 1477 3862 M.
1495 3788 1663 3894 Virginis
1679 3811 1844 3893 puerum

540 3900 640 3985 esum
662 3899 841 4013 gestantis
857 3899 1083 4006 imaginem,
1103 3893 1152 3971 ab
1171 3887 1246 4001 ipsa
1266 3892 1441 3994 Helena,
1462 3898 1515 3971 ita
1534 3918 1715 3993 narrant,
1735 3898 1844 3972 Con-

520 4016 807 4093 stantinimatre
823 4006 1048 4086 confectam.
1079 4010 1124 4084 In
1142 4000 1304 4083 vestibus
1317 4003 1458 4084 Christi
1473 4002 1695 4085 infantisliae
1708 4003 1844 4085 litterae

519 4123 672 4236 sparsim
691 4122 820 4236 posita:
837 4120 1025 4199 videntur.

1023 4247 1151 4405 issi}
1201 4242 1317 4390 ιΛΗς

570 4569 611 4645 Χ
623 4567 759 4644 XIII.
777 4566 993 4644 Taurinum
1014 4561 1291 4641 adventamus:
1308 4558 1371 4638 ubi
1392 4560 1445 4637 D.
1462 4553 1658 4635 Abbatem
1676 4560 1837 4636 Mezia-

517 4674 699 4772 barbam,
726 4673 958 4751 illustrissimi
976 4672 1249 4752 Mezzabarbae
1271 4666 1556 4748 coinitisfisium
1578 4671 1838 4746 conveniimu.

518 4790 553 4865 Is
576 4783 758 4867 defuncto
784 4788 918 4883 Patre,
939 4810 1033 4892 opus
1061 4782 1159 4863 illius
1180 4780 1402 4893 postumum
1429 4778 1477 4859 de
1507 4781 1672 4857 nummis
1692 4779 1840 4857 Gracia

1511 4892 1628 4971 Kkk
1653 4891 1690 4997 iij
