4414 5692
706 524 710 534 ,
839 530 843 537 ,
965 434 1090 552 Caput
1115 414 1309 514 decimum
1337 449 1498 513 narrum.
1777 532 1780 537 Δ
1844 448 1921 547 2⁶5

587 552 756 636 eventus
775 548 955 662 adjunela
968 576 1053 633 erat
1063 554 1233 665 portictu
1252 546 1475 664 amplilluna
1498 612 1510 651 ‚
1530 543 1633 655 cujus
1650 545 1767 632 hodie
1785 577 1834 633 ne
1852 581 1914 635 ve-

585 663 630 744 sti
659 669 748 746 ium.

632 693 968 856 gferiaturus
998 775 1206 853 Vnccr.
1249 770 1286 851 A
1311 794 1421 881 patre
1445 795 1535 851 meo
1567 766 1753 851 Gabriele
1781 775 1914 856 Vacca
1934 799 1960 840 ‘t

584 887 720 993 accepi
738 948 749 983 ,
773 910 863 961 cum
882 879 1098 962 Cardinalis
1116 882 1166 963 de
1184 878 1300 964 Valle
1318 945 1330 981 ,
1352 877 1414 989 spe
1430 880 1648 992 reperiundi
1667 874 1853 982 thesauri,
1871 887 1912 966 in
1933 909 1959 949 cc

580 990 743 1083 thermis
763 993 943 1104 Agrippa
961 1016 1147 1072 excavare
1158 987 1326 1098 julhllet3
1343 990 1434 1071 inde
1445 1015 1594 1072 erutam
1605 982 1709 1072 fuisse
1721 1019 1910 1075 coronam
1932 1018 1958 1058 τε

580 1128 765 1213 magnam
790 1104 952 1181 civicam
978 1098 1252 1210 imperialem,
1278 1126 1453 1202 aeneam,
1476 1129 1571 1180 auro
1598 1100 1839 1183 obduuam:
1868 1111 1908 1187 ὅ(
1930 1129 1956 1167 <<

582 1216 673 1322 quia
691 1207 856 1325 speciem
874 1209 1085 1323 quamdam
1104 1209 1291 1320 placenta:
1311 1208 1461 1292 ferebat
1481 1277 1492 1312 ,
1511 1239 1629 1321 quam
1660 1237 1744 1293 tum
1766 1217 1906 1303 Romae
1928 1240 1954 1277 t<

580 1321 730 1435 vulgari
757 1318 822 1403 usu
847 1320 1087 1406 Clambellam
1116 1320 1310 1399 vocabant
1341 1365 1351 1423 3
1378 1321 1598 1401 exclamant
1621 1349 1750 1431 operte
1777 1360 1786 1403 :
1817 1339 1904 1404 Ecce
1925 1349 1948 1389 t·

580 1434 820 1515 Clambellam
838 1499 849 1534 ,
867 1441 909 1514 bt
925 1426 1137 1511 munusculi
1154 1429 1370 1541 accipiendi
1388 1425 1498 1508 causa
1517 1430 1767 1511 Cardinalem
1776 1428 1901 1513 subito
1924 1459 1951 1497 τι

577 1542 724 1625 adeunt
742 1610 754 1646 ,
775 1542 1076 1653 clamitantque:
1089 1540 1348 1621 Incidimusin
1359 1537 1599 1622 Clambellam
1614 1566 1770 1621 aeneam
1788 1542 1899 1653 Elap.
1924 1569 1950 1605 tt

573 1648 616 1731 so
634 1654 809 1765 quodam
826 1677 1029 1765 tempore,
1046 1678 1171 1763 caupo
1190 1651 1351 1762 quidam
1368 1647 1446 1727 hoc
1464 1647 1553 1727 loco
1570 1648 1776 1730 Clambellae
1788 1652 1900 1762 insig.
1922 1678 1948 1716 ‘s

575 1790 653 1875 gne
682 1760 807 1877 poluit
837 1810 849 1870 3
878 1792 957 1877 quo
987 1759 1132 1843 factum
1167 1786 1211 1842 ut
1244 1758 1453 1846 Ciambellae
1489 1784 1634 1842 nomen
1666 1762 1770 1840 vicus
1809 1766 1898 1842 reti-
1921 1788 1946 1826 <‹

573 1900 693 1957 neret.
1917 1897 1944 1936 r<

627 1988 750 2066 Hunc
765 1984 942 2067 Flaminii
960 1984 1093 2064 locum
1111 1982 1356 2065 Martinellus
1383 1985 1422 2059 in
1450 1990 1568 2059 Roma
1594 1990 1761 2058 ricercata
1784 1982 1896 2063 adtu-

571 2094 643 2174 lit:
663 2120 802 2177 catera
832 2123 878 2177 ue
897 2094 1144 2206 exquisrtiora
1162 2092 1337 2204 reliquit,
1354 2094 1540 2200 &iisque
1551 2088 1895 2199 Pompeiistatuam

570 2199 790 2315 speuabant
803 2125 929 2287 lorum
946 2205 1101 2314 adjectis
1114 2251 1123 2309 5
1134 2203 1299 2314 reliquas
1311 2228 1445 2283 omnes
1455 2200 1801 2281 hauenusrntauas
1811 2202 1895 2284 Fla

568 2320 677 2397 minii
692 2313 976 2397 observationes
989 2315 1239 2425 praetermifit.

621 2431 949 2511 Ftnnrurus
984 2430 1194 2508 Vacca,
1226 2422 1352 2506 AEdes
1371 2421 1559 2534 quasjam
1578 2416 1894 2521 inc010,struaae
1915 2454 1941 2488 «ι

567 2531 652 2619 lunt
671 2537 723 2618 ad
748 2562 981 2619 memoratas
994 2535 1393 2644 Thermastcumque
1406 2531 1614 2614 excitando
1625 2534 1761 2642 parieti
1771 2527 1890 2615 solum
1915 2564 1939 2599 u

565 2647 837 2759 explorarem,
857 2676 1001 2761 aquam
1018 2651 1143 2759 reperi
1164 2683 1172 2725 :
1200 2655 1240 2727 δε
1261 2640 1353 2723 chm
1370 2642 1460 2754 palo
1480 2640 1612 2722 ferreo
1631 2666 1773 2721 terram
1797 2669 1887 2721 con.
1910 2673 1938 2709 o

564 2762 716 2871 tingere
737 2759 875 2841 vellem
894 2826 905 2861 ,
922 2764 963 2839 in
976 2783 1236 2838 marmoream
1256 2754 1402 2834 molem
1421 2752 1567 2854 incidi,
1588 2746 1817 2862 ulteriusque
1840 2759 1885 2833 ri.
1911 2783 1936 2820 <s

564 2871 741 2973 mando,
763 2895 806 2954 ut
819 2869 917 2981 quid
934 2869 976 2949 id
999 2863 1089 2950 esset
1103 2862 1338 2978 perspeclum
1358 2862 1453 2943 mihi
1469 2858 1572 2940 foret
1583 2927 1594 2962 ,
1605 2890 1721 2940 manu
1735 2888 1885 2943 contre.
1909 2893 1934 2930 t<

563 2980 706 3060 &ando
734 2979 957 3093 capitellum
982 2978 1233 3061 Corinthium
1258 2969 1517 3055 intemoseens
1555 3037 1567 3072 ,
1591 2998 1613 3049 a
1642 3001 1764 3051 cornu
1789 2979 1934 3085 capi«

565 3090 648 3170 telli
667 3091 718 3170 ad
735 3091 957 3202 zophorum
981 3088 1097 3199 usque
1125 3087 1296 3186 deveni,
1316 3113 1362 3163 ac
1382 3080 1622 3194 deprehendi
1647 3080 1726 3162 elle
1754 3082 1882 3162 altitu.
1907 3115 1933 3149 <t

564 3201 656 3282 dine
671 3200 890 3313 palmorum
902 3196 1295 3310 quatuor,s1mileque
1314 3199 1451 3304 iisque
1469 3197 1508 3272 in
1525 3195 1676 3302 porticu
1688 3192 1882 3274 Pantheo.
1905 3224 1932 3260 «

563 3317 622 3390 nis
640 3336 878 3423 comparent.
908 3316 954 3391 Et
1002 3316 1063 3389 uia
1073 3308 1168 3389 mihi
1183 3334 1284 3417 aqua
1299 3304 1686 3416 impedimentoerat‚
1698 3302 1778 3381 misr
1790 3332 1881 3381 con-
1907 3335 1932 3371 «ι

564 3421 687 3502 srlium
706 3422 887 3504 struendi.
908 3340 1058 3502 lbidem
1080 3448 1169 3499 cum
1189 3416 1328 3498 cellam
1348 3419 1532 3494 vinariam
1552 3411 1807 3513 adornarem,
1825 3417 1881 3491 in.
1906 3445 1932 3482 <c

563 3533 639 3612 cidi
654 3538 694 3612 in
714 3533 854 3613 struem
875 3599 885 3634 ‚
907 3530 1101 3611 canalibus
1121 3529 1218 3611 bene
1238 3526 1390 3627 multis,
1419 3529 1484 3635 qui
1511 3522 1682 3601 lateritiis
1704 3550 1751 3602 ex
1772 3522 1882 3602 tabu·
1905 3556 1930 3591 ιι

560 3642 605 3722 lis
625 3642 788 3725 confecti
808 3667 948 3744 erant,
974 3639 1222 3753 perforatam.
1254 3642 1311 3719 Hi
1328 3635 1432 3715 haud
1451 3632 1565 3713 dubie
1583 3631 1821 3713 deducendae
1841 3638 1880 3713 in
1903 3665 1928 3700 α

558 3755 795 3864 hypocausta
815 3782 922 3864 aquae
932 3752 1072 3830 calidae
1093 3745 1170 3830 usui
1187 3771 1306 3829 erant.
1328 3739 1879 3855 Subutsquereperipavimen.
1903 3776 1928 3812 ιι

558 3891 642 3944 tum
661 3866 753 3945 olim
773 3862 1018 3975 permeandis
1037 3856 1287 3940 subterraneis
1308 3852 1523 3963 hujusmodi
1541 3852 1589 3932 ab
1600 3856 1765 3962 antiquis
1776 3848 1879 3931 usur-
1901 3886 1926 3922 c<

557 4001 690 4086 patum
712 4044 723 4077 ,
743 3975 894 4056 tabellis
917 3977 1140 4053 marmoreis
1158 3970 1206 4048 ab
1228 3992 1391 4075 utroque
1411 3964 1530 4045 latere
1548 3960 1877 4063 vestitum,sub‘e.
1901 3999 1926 4032 ιι

555 4092 737 4195 &umque
755 4092 1020 4197 pavimentum
1035 4077 1447 4175 firmiffimestruelum,
1465 4072 1548 4185 pilis
1561 4071 1659 4153 bene
1671 3993 1878 4152 multislhl-
1898 4106 1923 4141 α

555 4219 639 4274 tum
657 4222 750 4275 erat.
773 4202 879 4276 Inter
895 4195 1001 4273 binas
1016 4217 1146 4273 autem
1166 4188 1261 4303 pilas
1279 4191 1375 4298 ignis
1386 4184 1478 4264 olim
1490 4178 1794 4294 supponebatur,
1809 4182 1875 4261 ibi·
1896 4215 1921 4250 ιι

553 4306 644 4385 dem
675 4333 722 4385 ue
756 4311 794 4384 in
827 4312 973 4386 cineres
998 4314 1036 4383 ἃ(
1062 4301 1249 4382 carbones
1278 4295 1492 4375 incidimus.
1531 4300 1710 4376 Vacuum
1738 4292 1871 4374 itidem
1895 4324 1920 4357 α

649 4334 701 4495 de
719 4419 847 4496 inveni
869 4482 879 4514 ,
901 4413 1077 4494 vestitum
1097 4410 1285 4524 plumbeis
1305 4405 1485 4506 laminis,
1513 4432 1596 4513 quae
1629 4400 1743 4480 clavis
1762 4406 1872 4481 aeneis
1894 4431 1920 4467 u

580 4444 647 4494 ran

549 4443 632 4605 lixa
651 4551 760 4605 erant
779 4593 789 4625 ,
811 4525 1010 4605 columnas
1029 4530 1121 4604 item
1143 4549 1190 4603 ex
1208 4522 1360 4629 granito
1378 4540 1572 4596 marmore
1594 4508 1797 4590 mediocris
1816 4509 1870 4587 al.
1894 4541 1919 4577 u

549 4637 724 4717 titudinis
742 4634 993 4745 deprehendi.
1017 4638 1209 4746 Tuncque
1227 4629 1384 4710 demum
1403 4625 1543 4708 struero
1556 4649 1668 4703 muro
1683 4617 1808 4699 destiti
1821 4620 1870 4700 ab
1893 4651 1919 4687 «ι

548 4746 722 4828 ulteriori
738 4744 1023 4857 perquisitione.
1657 4840 1710 4921 Η
1894 4761 1918 4797 u
