4352 5690
2 1218 6 1225 1
25 1046 139 1295 inspttlt:

0 1254 1 1267 ¹
49 1213 132 1343 'clitr-

63 1441 124 1525 loco-

12 1566 35 1642 ci
52 1559 122 1642 ienlo

5 1592 118 1758 hlothe-

1 1824 12 1874 ς
31 1818 115 1871 nanu·

0 1913 111 1990 denteri

4 2019 108 2135 odulphi

13 2162 104 2221 smin-

9 2260 100 2335 ircun·

509 3037 620 3117 istuc
632 3033 906 3139 transvectum
921 3041 932 3117 i

872 468 1001 590 Caput
1016 452 1485 588 tigefimumstptimum.
1770 499 1853 588 405

580 592 779 675 Nummus
800 584 914 669 Getae
933 592 974 668 in
1000 588 1105 695 cujus
1122 582 1268 699 postica
1287 609 1405 698 caput
1422 583 1639 699 galeatum,
1658 588 1769 673 Pon
1782 619 1807 675 τ
1819 627 1853 677 1.

529 730 626 787 rex
662 728 773 783 cos.

581 817 779 895 Nummus
797 810 1103 894 Diadumeniani
1113 811 1153 887 in
1164 806 1269 916 cujus
1285 808 1431 922 postica
1440 807 1533 893 luna
1541 814 1582 894 in
1593 808 1692 927 biga.
1718 817 1853 905 Luna

527 925 826 1007 Lucrrenn.

583 1027 1159 1116 Suntibidemalianumihnata
1197 1038 1850 1148 errara,&iconesantiquaeztneae‚

526 1149 567 1225 in
587 1150 693 1258 queis
711 1144 834 1259 figura
853 1144 902 1224 ab
919 1142 1104 1224 umbilico
1120 1059 1231 1254 Juliae
1249 1148 1325 1225 Piae
1345 1149 1494 1248 Severi,
1512 1171 1556 1228 ut
1575 1150 1734 1259 quidem
1755 1153 1851 1235 aesti-

525 1283 608 1338 mat
627 1253 723 1371 ipse,
743 1287 822 1338 non
840 1257 1013 1337 constare
1031 1278 1136 1336 certe
1150 1277 1257 1367 putu.

580 1482 752 1561 Decima
774 1478 878 1562 sexta
897 1483 937 1559 in
958 1478 1159 1563 ecclesiam
1180 1481 1213 1561 S.
1232 1478 1416 1591 Stephani
1437 1480 1737 1565 Coelestinorum
1762 1515 1850 1601 per.

525 1596 670 1703 gimuS,
689 1594 794 1700 cujus
811 1591 943 1672 Abbas
961 1590 1315 1674 commendatarius
1335 1588 1531 1705 episcopus
1552 1594 1852 1681 Osnabrucensrs

525 1701 590 1785 est.
630 1701 716 1784 Istic
733 1700 878 1815 septem
901 1702 1069 1785 ecclefiae
1089 1702 1172 1783 aliae
1191 1701 1272 1782 aliis
1291 1702 1512 1805 cohaerent,
1529 1733 1623 1816 quas
1638 1710 1743 1787 aiunt
1756 1709 1851 1792 olim

523 1810 630 1897 fnrffe
654 1815 822 1898 totidem
847 1813 995 1927 templa
1021 1820 1223 1895 numinum
1245 1860 1256 1919 5
1276 1810 1341 1896 sed
1366 1814 1429 1897 vel
1457 1812 1535 1930 ipsa
1553 1816 1703 1897 aedificii
1723 1818 1852 1903 forma

526 1955 614 2005 cum
631 1925 705 2005 hac
725 1924 912 2007 sententia
932 1954 981 2038 pu
1014 1952 1091 2009 nat.

581 2039 744 2117 Animus
763 2062 847 2118 erat
863 1955 1226 2119 Aldroltrandinum
1243 2031 1577 2143 Musaeumvisere,
1589 2063 1676 2120 toto
1687 2042 1783 2123 orbe
1794 2043 1852 2124 hc

525 2152 669 2228 terario
685 2145 874 2228 famosum
889 2194 898 2250 5
913 2148 1050 2229 verbm
1063 2148 1218 2231 absente
1236 2147 1395 2230 custode
1407 2216 1417 2251 ,
1429 2174 1607 2261 optatum
1619 2151 1759 2265 assequi
1770 2185 1853 2236 non

554 2262 730 2338 otnimus.
749 2257 839 2338 Post
847 2260 1104 2340 inEcclesram
1117 2263 1314 2449 S'dmnnss
1326 2260 1374 2342 de
1387 2264 1530 2343 Monte
1543 2265 1731 2346 Canonic.
1743 2295 1853 2379 regu-

524 2287 664 2450 larium
674 2396 926 2481 properamus
940 2416 949 2472 5
964 2398 1011 2450 eo
1021 2376 1093 2450 iter
1105 2371 1152 2449 ba
1186 2368 1336 2452 entibus
1354 2376 1393 2449 in
1413 2372 1534 2451 domo
1547 2375 1716 2485 quadam
1729 2377 1852 2459 osten.

524 2480 631 2561 ditur
647 2479 837 2593 suggestus
849 2505 955 2561 crate
965 2479 1092 2563 ferrea
1109 2487 1297 2584 munitus,
1313 2508 1334 2563 e
1355 2511 1468 2563 muro
1488 2512 1710 2599 erumpens,
1722 2492 1761 2568 in
1773 2518 1852 2600 quo

523 2589 671 2674 solebat
691 2596 777 2671 Azo
794 2596 884 2700 juris
902 2596 1046 2703 peritus
1066 2591 1356 2693 celeberrimus,
1373 2598 1439 2702 qui
1458 2590 1594 2676 saeculo
1612 2598 1852 2681 duodecimo

523 2704 673 2805 floruit,
701 2699 903 2814 discipulos
919 2699 1002 2782 suos
1021 2707 1059 2783 in
1077 2702 1233 2816 publica
1252 2707 1312 2782 via
1329 2704 1471 2814 positos
1482 2705 1638 2819 alloqui.
1671 2712 1852 2794 Ineccle-

525 2814 576 2895 sia
603 2811 890 3005 sanctigoannis
907 2814 957 2895 de
975 2820 1117 2896 Monte
1135 2813 1352 2894 monstrant
1372 2816 1595 2928 capitellum
1613 2820 1752 2903 ordine
1774 2826 1854 2904 Co.

526 2927 714 3006 rinthioa
748 2924 839 3007 abre
868 2921 1078 3117 scullmm’
1108 2925 1216 3037 quod
1242 2930 1350 3005 aiunt
1379 2955 1426 3008 ex
1454 2930 1604 3042 templo
1636 2932 1852 3014 Salomonis

968 3041 1003 3117 ic
1018 3040 1111 3119 item
1130 3037 1301 3150 ligneum
1319 3037 1479 3120 calicem
1501 3041 1587 3122 rudi
1605 3071 1723 3156 opere
1742 3046 1851 3127 exhi.

527 3146 643 3251 bent,
662 3178 740 3259 quo
752 3152 859 3228 aiunt
874 3152 1104 3260 S.Joannem
1115 3148 1394 3261 Evangelistam
1407 3151 1458 3229 ad
1475 3180 1557 3232 rem
1573 3151 1718 3236 sacram
1732 3154 1850 3238 nsum:

527 3264 699 3371 itemque
719 3257 922 3341 brachium
940 3286 983 3341 ut
994 3285 1133 3373 putant
1152 3264 1187 3342 S.
1209 3264 1344 3342 Mariae
1361 3264 1615 3376 AEgyptiacae.
1650 3271 1695 3347 ln
1712 3269 1853 3350 eadem

527 3370 688 3453 ecclesia
707 3370 874 3453 Tabella
921 3371 1155 3454 ulclrerrima
1173 3372 1228 3453 est
1249 3378 1379 3485 magni
1407 3375 1617 3486 haplraelis
1635 3378 1850 3480 Urbinatis,

526 3482 725 3563 historiam
738 3487 772 3565 S.
785 3401 950 3564 Caecillae
965 3480 1247 3597 representans.
1267 3484 1328 3566 Est
1344 3482 1489 3565 ibidem
1504 3488 1763 3598 epitaphium,
1781 3491 1851 3571 sm-

529 3594 703 3708 gularem
730 3600 958 3708 &portenti
977 3596 1135 3677 srmilem
1155 3625 1312 3676 narrans
1331 3594 1529 3677 historiam
1544 3599 1710 3681 Helenae
1730 3598 1851 3720 cujus-

530 3708 635 3807 dam,
648 3735 731 3817 qua:
747 3705 859 3785 beata
870 3711 1026 3788 nomine
1038 3709 1249 3819 inhgnitur.
1271 3706 1375 3787 Istaec
1386 3706 1618 3811 Helena,ut
1635 3709 1711 3792 fert
1722 3717 1850 3793 inscri-

529 3823 634 3929 ptio,
650 3846 697 3897 ex
724 3816 812 3896 aula
829 3818 1052 3899 Mahumeti
1073 3824 1120 3898 ΙΙ.
1143 3822 1358 3898 Bononiam
1379 3818 1561 3899 transsata
1579 3821 1656 3923 est,
1676 3849 1793 3933 atque
1811 3832 1853 3904 in

530 3929 651 4008 domo
664 3926 943 4038 Dogliolornm
963 3930 1122 4027 cducla,
1148 3959 1236 4009 cum
1257 3929 1437 4008 divinitus
1454 3935 1493 4010 in
1512 3933 1648 4042 puellae
1671 3936 1853 4045 Doglioli

530 4039 616 4119 filie
633 4037 799 4117 formam
818 4044 1023 4121 immutata
1041 4037 1183 4143 suisset,
1202 4039 1344 4122 deinde
1357 4040 1552 4122 connubio
1563 4046 1712 4153 junda,
1730 4051 1769 4125 in
1783 4051 1855 4126 vir-

530 4156 714 4264 ginitate,
741 4151 803 4231 vel
821 4179 962 4263 nupta,
985 4152 1095 4232 duxit
1114 4157 1268 4234 :etatem
1284 4220 1295 4256 ,
1312 4154 1391 4261 ejus
1411 4178 1540 4233 autem
1560 4184 1699 4267 corpus
1717 4156 1855 4239 hodie.

530 4289 606 4374 que
629 4267 896 4374 incorruptum
917 4264 1067 4344 dicitnr.
1110 4269 1254 4374 Neque
1279 4288 1412 4344 tamen
1437 4292 1483 4344 ex
1514 4265 1594 4346 edit
1614 4264 1807 4378 inscriptio
1834 4297 1857 4349 a

531 4371 759 4454 difficultate
778 4403 861 4485 quae
879 4381 918 4454 in
944 4372 1129 4455 e'ulmodi
1153 4375 1457 4488 metamorphosr
1474 4292 1552 4458 AEse'
1569 4383 1695 4488 primo
1714 4383 1856 4459 intuitu

531 4488 655 4563 menti
674 4482 792 4565 offert
804 4533 815 4590 5
834 4486 930 4596 quid
952 4405 1094 4569 scilicet
1111 4492 1236 4568 aslum
1257 4486 1303 4568 srt
1327 4488 1376 4569 de
1394 4486 1521 4599 puella
1539 4487 1730 4599 Dogliola
1750 4493 1856 4599 cujus

531 4596 699 4675 sormam
720 4603 869 4709 accepit
888 4598 1070 4681 Helena.
1091 4606 1202 4683 Num
1219 4598 1321 4682 forte
1340 4601 1490 4679 dicatur
1504 4626 1552 4679 ex
1569 4598 1715 4679 duabus
1735 4630 1854 4681 unam

530 4705 693 4807 factam,
712 4736 758 4786 ex
777 4739 855 4819 quo
874 4707 961 4791 sane
979 4712 1199 4825 prodigium
1219 4735 1424 4823 augeatur?
1457 4774 1461 4785 ,

584 4820 809 4928 Antequam
824 4826 1002 4904 bononia
1019 4823 1304 4935 digrediamur,
1328 4849 1463 4905 notam
1482 4822 1663 4902 codicum
1684 4822 1854 4904 cccnobii

1556 4936 1644 5017 Eee
1672 4939 1709 5044 iij
