4414 5692
346 406 422 487 268
835 392 1022 485 Diarium
1045 389 1234 483 Italicum.

347 515 395 594 ab
415 513 628 597 Mabilonio
645 514 772 596 nostro
790 516 881 594 editi
899 580 909 616 ,
925 539 1081 623 eratque
1099 520 1179 625 peri
1206 540 1307 595 teros
1323 580 1334 614 ,
1353 516 1425 595 alia
1443 542 1533 597 vero
1551 516 1617 596 nul

348 622 482 701 iamin
502 629 657 703 circuitu
679 626 869 732 porticum
885 620 1061 703 habebat.
1094 544 1263 729 Ejusilem
1293 623 1457 732 porticali
1483 625 1632 735 vestigia

349 731 522 839 quedam
549 727 736 840 supersunt
754 754 874 840 prope
900 734 933 809 S.
954 729 1108 811 Gallam
1128 731 1200 809 five
1216 735 1248 811 S.
1270 734 1433 811 Mariam
1454 737 1493 813 in
1511 735 1628 811 Porti·

349 868 395 917 cu
416 905 426 940 ‚
445 867 557 947 quam
577 836 781 918 aestimabat
800 837 974 919 Andreas
989 836 1205 936 Busalinus,
1227 865 1248 916 a
1268 842 1382 917 Petro
1399 840 1562 921 Bellorio
1580 835 1630 918 al-

348 945 443 1025 latus
460 1011 469 1045 ,
486 940 720 1053 effeJunonis
735 942 867 1024 aedem.
884 945 1088 1025 Ecclesiam
1107 972 1197 1024 vero
1216 948 1248 1024 S.
1272 947 1427 1026 Nicolai
1443 954 1481 1027 in
1497 951 1631 1028 Carce-

347 1081 389 1133 re
402 1052 520 1129 edem
537 1055 640 1161 Jovis
658 1049 728 1133 effe
745 1051 1007 1133 arbitrabatur.
1052 1058 1097 1133 ln
1120 1078 1278 1160 utraque
1298 1055 1377 1133 ede
1394 1062 1536 1164 proprii
1561 1085 1629 1134 nu-

347 1163 454 1237 minis
474 1161 599 1267 ‚Jovis
617 1154 756 1239 seilicet
773 1170 811 1240 ὃ(
823 1165 1001 1271 ]ιιυοι]ἰε,
1018 1159 1168 1271 elegans
1184 1160 1303 1238 statua
1314 1186 1403 1240 erat.
1426 1166 1483 1241 Sic
1495 1163 1631 1240 Plinius

346 1264 370 1346 l.
390 1274 448 1367 36.
467 1294 498 1346 c.
520 1296 547 1371 5.
563 1281 666 1349 Intra
678 1273 840 1352 Oilave'ae
848 1301 926 1349 vero
938 1283 1147 1374 porticumin
1163 1270 1234 1347 aedr
1249 1279 1389 1370 Junonr's
1409 1268 1518 1377 ipsam
1533 1272 1632 1347 deam

346 1375 527 1484 Dionpfius
545 1373 590 1468 (r
606 1376 760 1488 Polycles
777 1401 790 1459 3
808 1377 922 1456 aliam
940 1391 1102 1459 Venerem
1120 1378 1231 1455 eodem
1249 1378 1315 1454 loeo
1340 1376 1526 1481 Philippus
1543 1437 1553 1468 ‚
1572 1406 1631 1453 eae·

346 1507 422 1560 tera
431 1484 532 1591 figna
548 1485 758 1565 Praxiteles.
781 1499 873 1567 Item
890 1486 1045 1596 Polycles
1070 1484 1115 1577 ὠ
1139 1485 1320 1593 Dionpfiur
1336 1484 1571 1565 Timarchides
1580 1484 1630 1584 fi·

347 1591 553 1691 liiJovem,
570 1605 632 1696 qui
648 1598 691 1695 est
706 1605 742 1670 in
755 1605 916 1693 proxima
935 1594 1004 1670 aede
1023 1652 1036 1685 ‚
1051 1592 1212 1691 fhecmnt.
1245 1595 1436 1670 Porticum
1466 1593 1631 1669 Oelaviae

346 1697 591 1809 contingebat
610 1700 706 1777 aedes
723 1694 1097 1782 HerculisMusarum
1112 1700 1219 1797 ‚ideo
1231 1694 1303 1806 ipsa
1316 1706 1499 1808 porticus,
1515 1701 1629 1777 Oeta·

347 1809 414 1885 viae
433 1814 469 1884 ὅ(
488 1805 665 1888 Herculis
678 1831 836 1884 vocatur
853 1812 891 1887 in
910 1830 1124 1888 memorato
1143 1805 1307 1915 vestigio.

397 1917 648 1997 DECIMA
674 1916 948 1996 SEPTIMA
980 1918 1089 1996 DIE
1114 1941 1134 1991 a
1156 1940 1272 2023 ponte
1287 1912 1457 1991 Fabricio
1473 1979 1483 2012 ,
1500 1914 1574 2018 jam
1595 1914 1628 1991 dl

345 2048 467 2128 quatro
494 2037 571 2119 rapi
598 2022 696 2100 dielo
715 2087 725 2122 ‚
743 2017 1005 2101 transmittitur
1029 2027 1068 2102 in
1090 2020 1309 2100 Tiberinam
1338 2017 1521 2119 insulam,
1550 2049 1630 2127 quae

347 2128 437 2207 olim
459 2126 734 2238 Mesopotamia
753 2156 775 2208 a
793 2128 1075 2213 decurrentibus
1094 2129 1182 2206 hinc
1200 2137 1236 2206 δε
1255 2127 1511 2205 indefluminis
1522 2132 1631 2205 ramis

348 2237 595 2314 vocitabatur.
616 2237 671 2319 lbi
690 2266 768 2314 non
784 2264 902 2345 pauca
923 2232 1119 2315 observatu
1139 2236 1252 2344 digna
1264 2231 1549 2340 consulto,quia
1559 2232 1631 2342 pas

344 2344 409 2421 sim
431 2343 621 2444 seruntur,
640 2349 966 2452 praetermittimus.
986 2344 1153 2425 inhorto
1163 2338 1490 2423 franciscanorum
1504 2346 1534 2420 S.
1547 2348 1630 2421 Bar·

345 2450 541 2529 tholomei·
564 2450 756 2558 hodieque
775 2456 896 2530 ereda
923 2448 1145 2560 conspicitur
1164 2447 1305 2528 famosa
1326 2448 1390 2527 illa
1413 2445 1630 2557 inscripti0‚

344 2562 545 2638 Sinoni
581 2561 763 2638 Sanco
792 2561 1272 2657 nnoF1n10‚&c.in
1299 2583 1488 2634 marmore
1517 2562 1629 2636 trium

342 2665 483 2775 pedum
501 2661 749 2764 sublimitate,
766 2670 871 2741 unius
888 2666 1086 2743 latitudine
1104 2701 1112 2742 ε
1135 2661 1341 2769 cujusmodi
1361 2663 1502 2770 lapides
1522 2730 1533 2761 ,
1553 2670 1628 2773 cip.

341 2800 410 2881 pos
429 2774 520 2853 olim
542 2797 696 2851 vocatos
724 2776 901 2852 novimus
946 2777 1038 2853 Eam
1068 2766 1345 2879 inscriptionem
1371 2795 1506 2879 putant
1534 2800 1610 2849 nor.»

342 2880 436 2957 nulli
461 2878 588 2961 fucum
606 2872 725 2959 secisse
746 2884 778 2960 S.
790 2878 934 2988 Justino
951 2884 1113 2985 Martyri
1126 2945 1136 2978 ,
1151 2878 1304 2986 quiliaec
1316 2878 1365 2957 de
1383 2883 1533 2958 Simone
1551 2906 1629 2959 ma..

343 3013 393 3097 go
412 2992 451 3064 in
470 2988 602 3067 eadem
623 2986 737 3068 insula
754 2984 875 3095 legisse
892 2982 925 3065 se
947 3010 1232 3065 commemorat.
1254 2989 1320 3066 De
1339 2991 1371 3065 S.
1390 2985 1548 3064 Caeciliae
1568 3013 1627 3065 ee-

343 3095 451 3173 clefia
469 3162 479 3195 ,
500 3123 579 3203 quat
599 3095 680 3203 post
698 3098 889 3202 trajedum
910 3095 1069 3175 alterum
1086 3094 1246 3173 fluminis
1262 3121 1407 3171 ramum
1427 3095 1474 3171 ad
1492 3089 1628 3174 Trans-

343 3202 548 3285 tiberinam
563 3208 755 3311 regionem
775 3208 812 3280 in
832 3206 956 3309 primis
975 3207 1168 3301 occurrit,
1197 3211 1235 3283 ἃ
1263 3202 1387 3279 multis
1415 3201 1627 3280 nominibus

344 3307 545 3418 speciabilis
563 3309 639 3409 est,
660 3309 750 3386 nihil
770 3308 835 3387 nisi
854 3310 1006 3419 vulgare
1027 3312 1185 3418 suppetit
1204 3308 1463 3388 adserendum.

398 3419 516 3497 Haud
535 3417 648 3526 longe
664 3416 773 3494 distat
789 3442 922 3524 porta,
942 3417 1150 3495 Portuenfis
1169 3417 1287 3515 dida,
1307 3421 1392 3524 quia
1410 3416 1458 3492 ad
1476 3439 1629 3524 portum

346 3528 568 3605 Romanum
586 3526 690 3603 ducit
709 3589 720 3623 ‚
739 3528 776 3601 in
794 3526 894 3630 cujus
919 3529 1052 3605 vicinia
1078 3553 1156 3605 non
1173 3551 1294 3635 pauca
1318 3547 1425 3605 eruta
1441 3547 1629 3603 memorat

345 3628 508 3740 sculptor
526 3632 659 3715 noller.

300 3777 324 3814 o
401 3744 714 3820 Fannruroa
742 3744 944 3819 Vacci.
971 3745 999 3821 E
1022 3746 1175 3849 regione
1202 3739 1392 3821 Casannae
1419 3736 1525 3848 supra
1548 3767 1622 3820 me-

301 3884 325 3921 o
348 3873 501 3926 moratae
522 3862 532 3947 (
551 3876 585 3955 p.
607 3856 687 3948 167.
710 3857 719 3940 J
738 3847 786 3924 ad
800 3852 919 3955 ripam
938 3848 1085 3927 Tiberis
1102 3913 1112 3947 ,
1129 3850 1182 3928 est
1197 3875 1307 3958 porta
1327 3849 1557 3948 Portuensrs,
1576 3852 1628 3927 ita

301 3993 325 4028 >2
348 3980 562 4064 nuncupata
580 3959 667 4060 quia
685 3954 773 4033 illac
791 3959 861 4033 iter
871 3955 922 4033 est
934 3956 1146 4034 adPortum
1160 3962 1376 4038 Romanum
1391 3955 1551 4057 3ibidem
1563 3956 1629 4034 sita

301 4098 325 4133 η
348 4062 400 4139 est
417 4068 525 4141 vinea
541 4066 794 4142 Vidoriorum
813 4128 829 4160 „
839 4062 901 4139 ubi
922 4064 1102 4143 memorii
1117 4066 1202 4145 mel
1220 4066 1378 4144 deteuae
1393 4061 1474 4141 sunt
1501 4061 1627 4141 statua:

302 4205 326 4241 »
349 4169 445 4252 bene
464 4169 619 4270 multe,
647 4174 825 4276 &capita
871 4166 1150 4278 lailosophorum
1177 4196 1217 4249 at
1245 4198 1290 4250 ue
1321 4177 1626 4279 Imperatorum,

302 4312 327 4348 κ
350 4304 429 4382 quae
449 4278 590 4355 duabus
605 4283 644 4353 in
664 4282 818 4354 cameris
835 4198 953 4353 (livisn
970 4341 981 4375 ,
1000 4275 1192 4385 alteraque
1206 4200 1312 4356 alteri
1327 4305 1350 4354 a
1364 4276 1471 4355 dors)
1484 4278 1625 4357 haren,-

302 4418 327 4454 ω
350 4383 444 4462 tibus
461 4381 710 4464 servabantur.
732 4378 1136 4490 Deprehensaquoque
1155 4380 1237 4463 sunt
1255 4386 1393 4464 ibidem
1411 4375 1628 4463 multascul-

304 4526 328 4561 η
349 4513 499 4596 prorum
519 4492 771 4572 instrumenta.
789 4493 888 4567 Puto
907 4490 998 4568 istuc
1012 4491 1183 4570 advedas
1200 4491 1300 4571 soille
1318 4491 1527 4590 statuas,ad
1541 4521 1627 4569 con-

306 4632 329 4668 »
349 4599 534 4677 cinnanda
547 4597 695 4708 aliisque
714 4599 833 4680 usibus
849 4598 1012 4707 aptanda
1029 4643 1039 4700 3
1065 4603 1140 4676 imo
1157 4606 1280 4709 potius
1294 4600 1530 4712 deturpanda
1546 4600 1625 4676 haec
