4264 5684
982 419 1112 549 Caput
1130 412 1298 542 sextum.
1747 427 1790 530 83

485 552 562 666 prii
588 552 636 634 de
652 577 695 629 ea
713 574 751 626 re
773 546 891 661 scripsi
908 551 1072 629 invenias
1089 583 1098 626 ε
1116 550 1235 626 auum
1254 569 1343 628 veto
1363 541 1438 622 hoc
1455 543 1499 624 in
1513 542 1607 624 libro
1632 542 1791 626 Pontifi-
1812 589 1833 617 c

487 692 570 745 curn
593 688 689 744 anno
708 658 755 737 ab
776 660 1026 740 incarnatione
1044 682 1239 744 ch11t.

537 778 580 854 Χ
591 777 607 852 Ι
620 774 647 850 Ι.
670 768 773 849 Libri
789 768 983 880 Augustini
1001 766 1106 874 super
1124 764 1292 845 Genefim
1309 768 1357 845 ad
1381 764 1557 843 litteram.

537 885 651 962 XII.
671 878 772 957 Libri
792 879 838 959 de
856 880 1006 958 civitate
1017 878 1094 954 Dei
1107 941 1118 975 ,
1132 872 1298 978 ejusdem
1317 873 1525 985 Augustini.

538 992 625 1070 ΙΙΙ.
646 988 751 1067 Libri
770 983 817 1065 de
834 986 954 1069 verbis
968 986 1128 1064 Domini
1145 984 1249 1092 super
1261 984 1504 1082 Matthaeum,
1520 978 1625 1091 super
1634 985 1791 1080 Lucam,
1813 1019 1835 1052 a

484 1110 523 1181 δι
545 1096 649 1206 super
666 1101 857 1187 loannem.

539 1203 714 1311 Ejusdem
746 1203 795 1281 de
819 1199 1093 1283 catechizandis
1115 1200 1278 1282 rudibus,
1307 1233 1336 1283 r.
1367 1199 1414 1278 de
1435 1201 1618 1309 Magistro
1644 1197 1742 1278 liber
1763 1229 1792 1278 ι.
1815 1241 1837 1267 ·

483 1315 569 1394 Lib.
589 1313 846 1428 Quaestionum
864 1343 893 1393 r.
917 1310 962 1390 de
988 1338 1106 1421 agone
1125 1312 1321 1391 christiano
1348 1310 1416 1388 lib.
1436 1339 1464 1389 1.
1484 1308 1531 1387 de
1551 1304 1624 1386 fide
1646 1309 1793 1390 Catho·
1816 1346 1836 1374 u

484 1423 558 1502 lica
576 1425 644 1502 lib.
668 1450 696 1499 1.
721 1446 849 1500 contra
871 1448 908 1502 v.
928 1422 1069 1501 hereses
1090 1486 1102 1522 ‚
1127 1421 1168 1500 id
1194 1420 1244 1498 est
1271 1445 1400 1499 contra
1424 1421 1613 1527 Paganos,
1631 1414 1791 1515 Judaeos,
1816 1452 1837 1482 ι

483 1530 735 1627 Manichaeos,
752 1529 1000 1632 sabellianos,
1023 1530 1248 1613 &Attianos
1266 1527 1371 1606 libr.
1391 1527 1438 1607 de
1461 1527 1700 1605 altercatione
1721 1528 1793 1604 Ec·
1821 1560 1836 1591 ι

483 1638 605 1825 gisi}
623 1649 662 1720 δι
686 1638 889 1824 Sypagogae
917 1637 986 1719 lib.
1008 1667 1037 1721 1.
1065 1639 1194 1723 Sermo
1223 1635 1269 1716 de
1287 1633 1421 1717 decem
1442 1631 1602 1722 mordis.
1637 1634 1701 1710 De
1717 1633 1794 1709 vita
1816 1670 1837 1700 a

546 1748 574 1823 ti
606 1748 688 1823 iana
704 1749 729 1824 li
760 1752 813 1826 21.

536 1852 601 1932 Ad
617 1850 848 1933 Bonifaciurn
872 1881 998 1934 contra
1020 1856 1233 1933 Donatistas
1253 1853 1448 1933 haereticos
1470 1850 1536 1931 lib.
1550 1882 1578 1930 1.
1601 1851 1730 1929 Sermo
1746 1847 1794 1926 de
1816 1885 1838 1916 a

481 1959 649 2040 Emerito
673 1960 859 2070 episcopo.
900 1960 1081 2065 Ejusdem
1111 1962 1309 2074 Augustini
1337 1959 1489 2066 epistola
1513 1960 1724 2055 Honorio,
1755 1968 1794 2038 δι
1816 1993 1839 2026 α

484 2067 697 2149 Theodofio
722 2068 969 2168 consulibus,
1003 2097 1128 2149 contra
1156 2068 1333 2149 eumdem
1350 2069 1556 2148 Emeritum
1578 2065 1793 2144 Donatista·
1815 2104 1837 2131 e·

482 2200 568 2254 rum
593 2173 819 2283 episcopum.
873 2180 1077 2285 Responfio
1105 2205 1237 2257 contra
1263 2175 1352 2255 duas
1382 2173 1553 2282 epistolas
1590 2171 1792 2252 Gaudentii
1816 2207 1839 2241 a

484 2285 769 2363 Donatistarum
798 2286 962 2393 episcopi
992 2284 1042 2364 ad
1066 2289 1298 2365 Dulcitium.
1343 2287 1432 2362 Alia
1451 2281 1637 2388 responso
1665 2306 1793 2361 contra
1815 2317 1838 2351 a

483 2387 682 2469 secundam
697 2392 890 2499 epistolam
911 2388 1079 2495 ejusdem
1097 2390 1301 2472 Gaudentii
1318 2390 1364 2468 ad
1375 2387 1555 2467 eumdem
1565 2389 1792 2468 Dulcitium.
1815 2426 1838 2455 n

482 2498 656 2602 Ejusdem
676 2501 826 2606 epistola
856 2500 903 2581 ad
920 2503 1200 2579 Maximianum
1228 2495 1274 2575 de
1298 2526 1373 2577 non
1398 2495 1678 2604 rebaptizando.
1712 2497 1793 2573 Ser·
1815 2532 1839 2564 κ

483 2632 551 2685 mo
573 2608 771 2715 gratiarum
783 2608 1007 2689 Maximiani
1020 2604 1202 2715 episcopi,
1220 2605 1320 2714 quod
1340 2604 1503 2683 reversus
1524 2607 1567 2683 fit
1581 2602 1630 2682 ad
1647 2605 1792 2684 Catho·
1816 2638 1838 2671 e·

484 2716 596 2793 licam
613 2742 657 2793 ex
674 2715 893 2796 Donatistis.
924 2716 1082 2824 Epistola
1092 2715 1250 2813 Silvani,
1270 2714 1535 2810 &Valentini‚
1554 2714 1696 2790 Aurelii
1716 2718 1794 2789 Au·
1817 2747 1839 2777 υ

483 2819 647 2929 gustini‚
679 2832 717 2903 δι
739 2849 951 2901 caeterorum
968 2822 1225 2929 episcoporum
1255 2821 1408 2900 concilii
1425 2819 1610 2902 Zertensts
1640 2818 1691 2898 ad
1710 2822 1793 2898 Do-
1815 2857 1836 2890 a

483 2928 644 3007 natistas.
695 2929 872 3031 Ejusdem
898 2929 946 3009 ad
968 2930 1207 3008 Macrobium
1239 2953 1283 3006 ut
1313 2921 1400 3005 non'
1414 2927 1634 3036 rebaptizet.
1687 2926 1791 3029 Ejus-
1815 2967 1834 2994 s·

485 3032 573 3114 dem
601 3037 793 3147 Augustini
823 3036 872 3115 de
903 3039 1133 3118 continentia
1159 3037 1256 3116 liber
1284 3061 1392 3114 unus.
1443 3036 1551 3114 Alius
1579 3032 1629 3112 de
1647 3036 1790 3143 patien-
1814 3083 1835 3103 ·

485 3146 551 3222 tia.
587 3146 782 3223 Traslatus
800 3141 965 3248 ejusdem
987 3143 1034 3224 de
1048 3146 1203 3224 muliere
1223 3142 1314 3225 forti
1334 3144 1373 3220 in
1390 3143 1599 3221 Salomone.
1629 3142 1790 3248 Epistola
1815 3187 1833 3209 ι.

485 3250 645 3354 ejusdem
674 3248 721 3327 ad
742 3252 1006 3332 Marcellinum
1035 3252 1229 3361 quomodo
1256 3253 1468 3333 invenerint
1490 3252 1599 3360 Magi
1627 3252 1790 3329 Pharao·
1813 3290 1834 3317 κ

486 3361 567 3457 nir,
598 3357 836 3437 conversatio
863 3359 1074 3467 sanguinem
1112 3385 1191 3438 tota
1219 3388 1314 3466 aqua
1340 3362 1395 3439 AE
1423 3360 1525 3465 pti,
1554 3356 1654 3434 unde
1675 3358 1790 3436 simile
1813 3397 1832 3426 a

486 3464 692 3573 aliquando
719 3462 893 3545 facerent.
933 3468 1097 3572 Epistola
1124 3468 1387 3547 Marcellinia
1442 3464 1602 3545 sansbum
1623 3464 1790 3574 Augusti·
1814 3506 1834 3533 a·

486 3599 600 3671 num,
621 3573 666 3653 de
681 3573 871 3680 aliquibus
898 3577 1158 3683 quaestionibus
1187 3571 1429 3654 exsolvendis.
1473 3575 1553 3652 Cur
1578 3571 1642 3651 hic
1673 3577 1791 3670 Deus,
1816 3613 1835 3641 0

516 3684 554 3760 ui
571 3696 609 3763 δι
622 3683 997 3761 veterisTestamenti
1014 3686 1118 3761 Deus
1133 3680 1203 3762 elle
1222 3682 1446 3779 affirmatur,
1466 3680 1592 3788 spretis
1606 3679 1793 3759 veteribus
1815 3720 1835 3748 e·

488 3709 696 3889 sacrifieiis,
718 3785 915 3868 delesiatus
934 3792 987 3869 stt.
1016 3791 1176 3895 Epistola
1194 3792 1303 3870 sansli
1316 3791 1510 3899 Augustini
1528 3788 1576 3867 ad
1591 3786 1792 3887 Evodium,
1815 3827 1837 3858 ι

490 3892 537 3975 de
557 3895 734 3976 sententia
754 3899 832 3974 ine
859 3898 959 3975 istola
977 3894 1088 3977 saneti
1109 3901 1207 3977 Petri
1228 3937 1239 3986 ς
1272 3898 1466 4004 Spiritibus
1495 3900 1557 4003 qui
1587 3902 1626 3975 in
1648 3920 1791 3974 carcere
1814 3936 1835 3966 a

488 4032 592 4084 erant
616 4004 777 4084 conclufi
801 3925 1062 4083 aivenientem
1079 4006 1266 4086 Christum
1294 4002 1529 4111 praedicaffe,
1554 4010 1617 4110 qui
1639 4002 1790 4085 Christo
1813 4044 1837 4072 ι

490 4112 691 4220 aliquando
716 4110 894 4191 increduli
913 4111 1079 4193 fuerunt.
1120 4112 1294 4211 Ejusdem
1319 4110 1367 4189 de
1390 4111 1623 4192 divinatione
1649 4109 1787 4190 daemo-
1813 4158 1832 4182 .

491 4249 584 4301 num
605 4224 733 4301 sermo.
776 4220 948 4323 Ejusdem
966 4221 1158 4332 Augustini
1188 4221 1236 4300 de
1260 4221 1363 4301 versu
1384 4222 1550 4329 Apostoli
1578 4220 1642 4299 ubi
1673 4215 1792 4296 dicit:
1815 4266 1834 4291 .

491 4328 667 4412 velitares
674 4328 797 4437 stemus
808 4359 875 4409 non
886 4337 992 4410 carni.
1023 4334 1149 4410 Sermo
1165 4330 1331 4435 ejusdem
1348 4329 1393 4410 de
1405 4328 1792 4438 psalmoAlleluiatico
1817 4372 1838 4397 .

495 4439 595 4543 (stc.)
621 4436 791 4542 Ejusdem
810 4441 968 4549 August.
988 4441 1115 4521 Sermo
1141 4438 1190 4520 de
1208 4443 1364 4518 alleluia.
1401 4439 1529 4517 Sermo
1544 4433 1588 4513 de
1602 4438 1733 4535 nosse,
1756 4446 1794 4514 &
1820 4476 1837 4506 ι

495 4546 557 4624 die
575 4547 842 4626 resurrectionis
854 4552 1011 4628 Domini
1031 4578 1160 4629 contra
1174 4549 1310 4641 ludzos
1326 4548 1592 4630 &Hareticoc
1623 4543 1794 4647 Ejusdem
1822 4582 1840 4613 ι

495 4656 601 4764 post,
622 4654 671 4739 de
687 4658 1005 4766 concupiscentias
1022 4660 1103 4738 suas
1126 4654 1452 4742 noneundoliber.
1475 4652 1650 4763 Ejusdem
1665 4658 1794 4735 exhor·
1819 4688 1842 4723 u

1553 4767 1588 4844 L
1610 4764 1638 4868 ij
