4060 5700
725 518 761 597 P
800 515 833 601 R
872 515 931 599 AE
965 517 995 599 F
1025 514 1061 599 Α
1096 516 1192 601 TI
1218 523 1265 603 0.

338 628 501 758 tulisse3
527 628 601 734 sed
620 634 1240 764 utconslruendohujusmodi
1254 642 1423 781 templo
1439 680 1655 782 perquam

338 781 517 873 minimi
540 767 760 893 ambitus,
778 766 966 911 spatium
980 792 1022 873 δι
1042 777 1191 877 locum
1204 815 1405 914 pararet,
1427 784 1483 884 ab
1507 787 1656 915 hujus-

340 911 466 1008 modi
488 903 568 1007 srtu
587 907 817 1011 Colossum
842 912 1121 1013 amovisse&
1149 930 1349 1051 proxime
1377 924 1652 1027 constituisse.

340 1041 526 1163 Quodsr
546 1082 753 1182 pegmata
772 1085 821 1148 ut
837 1050 1057 1190 vulgatior
1079 1048 1164 1152 sert
1176 1067 1329 1190 opinio
1342 1061 1556 1160 machina
1569 1059 1658 1161 sue-

339 1195 428 1281 rint
451 1221 533 1321 pro
553 1180 579 1278 s
600 1188 808 1284 esiaculis
831 1188 1188 1325 Amphitheatri,
1213 1205 1305 1321 jarn
1327 1201 1432 1296 inde
1448 1198 1659 1299 sententia

338 1323 489 1418 nostra
506 1222 649 1419 stabit.
673 1325 903 1461 Siquidem
917 1330 1128 1426 Martialis
1147 1343 1228 1456 ait,
1251 1370 1343 1471 quo
1358 1334 1459 1434 loco
1482 1376 1662 1476 pegma.

341 1491 386 1553 ta
408 1455 482 1554 suo
502 1494 702 1596 tempore
730 1462 1011 1599 erigebantur
1034 1463 1156 1565 suille
1175 1483 1286 1568 atria
1314 1473 1474 1572 dormis
1495 1514 1660 1602 aurea,

342 1632 441 1733 qua
468 1591 634 1695 scilicet
665 1637 873 1753 pegmata
908 1605 1111 1740 proxime
1150 1607 1573 1743 Amplritheatrum,
1614 1645 1662 1709 ut

341 1734 778 1869 promtioresletulus
787 1751 924 1877 ,erigi
941 1740 1194 1848 debuerant.
1224 1757 1319 1859 lam
1335 1751 1459 1886 quod
1474 1752 1526 1847 de
1537 1788 1664 1848 num-

341 1910 420 1971 mo
439 1883 533 1973 Titi
558 1875 718 1974 dicitur
742 1914 899 2012 parurn
927 1880 997 1975 vel
1026 1880 1133 1978 nihil
1154 1886 1412 1983 adminiculi
1443 1885 1663 1987 sententia

341 2006 532 2112 adversa
551 2010 751 2148 praebeat.
786 2017 907 2141 Quid
925 2013 1058 2115 causa
1072 2055 1267 2159 namque
1293 2023 1426 2122 fuerit
1450 2029 1574 2161 quod
1603 2037 1667 2123 vi-

343 2158 442 2246 cina
474 2148 548 2245 illa
569 2151 910 2289 Amphitheatro
929 2192 1222 2257 monumenta
1241 2196 1339 2297 qua
1351 2160 1459 2258 nihil
1480 2168 1538 2262 ad
1560 2172 1669 2262 Am-

345 2288 642 2425 phitheattum
667 2289 973 2426 pertinebant,
1001 2328 1103 2389 cum
1141 2292 1230 2431 ipsa
1261 2299 1589 2434 Amphitheatri
1614 2302 1667 2399 fi-

345 2466 454 2565 gura
488 2438 803 2561 exprimerent?
823 2428 932 2526 nihil
963 2426 1064 2527 sane
1090 2439 1194 2530 inde
1220 2430 1446 2537 inseratur.
1492 2448 1668 2539 Horum

345 2604 498 2668 tamen
521 2565 750 2665 arbitrium
768 2568 970 2704 prudenti
995 2568 1150 2668 leslori
1170 2582 1396 2674 mittimus.

415 2701 940 2838 P.162.Inscriptionem
972 2707 1215 2807 Consulatu
1245 2713 1417 2812 Rustici
1446 2728 1489 2809 δε
1521 2714 1668 2816 Olibri

346 2879 547 2943 notatam
569 2844 755 2943 diximus
776 2853 995 2979 pertinere
1018 2846 1075 2942 ad
1097 2886 1265 2945 annum
1282 2847 1444 2948 Christi
1461 2894 1551 2980 520.
1579 2892 1672 2991 quo

348 2984 552 3083 Rusticus
575 2977 736 3077 Consul
753 2992 990 3087 occurrit:
1020 3018 1065 3079 at
1093 3021 1138 3079 re
1166 2986 1421 3121 diligentids
1445 2992 1672 3125 explorata

348 3156 458 3256 puto
485 3128 673 3252 exprimi
692 3114 965 3216 consulatum
981 3126 1166 3221 Rusticii
1181 3140 1222 3218 δε
1245 3122 1408 3223 Olibrii
1423 3138 1499 3261 qui
1525 3140 1570 3225 in
1586 3132 1674 3225 hu-

348 3295 460 3356 num
477 3261 594 3354 cadit
613 3287 715 3383 464.
743 3257 869 3391 quod
891 3256 1044 3350 itidem
1066 3252 1260 3355 asseritur
1278 3299 1392 3361 voce
1413 3255 1676 3399 subseduen-

351 3407 385 3493 ti
401 3479 414 3518 ,
428 3406 485 3525 (r)
499 3396 761 3492 Hermineric.
777 3430 883 3490 nam
902 3428 1021 3487 anno
1038 3388 1314 3533 subsequenti
1331 3396 1537 3497 Consules
1552 3439 1678 3501 erant

355 3528 644 3633 Basiliscus&
674 3540 1041 3648 Henninericus‚
1073 3568 1268 3667 quorum
1303 3535 1375 3634 hic
1417 3535 1678 3638 Consulatus

357 3671 476 3770 haud
497 3667 630 3766 dubie
646 3677 865 3766 enuntiari
891 3668 1077 3767 videtur.

429 3819 478 3908 Ρ.
504 3852 581 3933 233.
606 3808 750 3906 Potest
777 3800 952 3901 sortasse
975 3808 1163 3944 sallustia
1184 3844 1354 3905 nomen
1381 3810 1574 3910 mulieris
1598 3812 1682 3912 csse

362 3980 463 4086 qua
489 3982 577 4041 una
606 3981 709 4042 curn
731 3942 929 4077 Helpido
952 3944 1138 4041 statuant
1170 3958 1337 4047 Veneri
1367 3951 1579 4047 dedicarit
1609 3946 1683 4054 :sr

362 4086 451 4185 hoc
471 4090 603 4219 paclo
627 4081 935 4214 intelligatur,
971 4081 1080 4178 nihil
1105 4081 1291 4217 suppetit
1315 4098 1563 4221 argumenti
1591 4128 1683 4226 quo

365 4225 553 4320 statuam
582 4217 704 4316 illam
726 4228 937 4342 Venerit,
960 4227 1007 4314 in
1030 4221 1197 4357 templo
1219 4217 1411 4348 ejusdem
1430 4224 1686 4329 Sallustiano

363 4358 491 4457 fuisse
516 4361 694 4456 dicatur.

433 4495 575 4595 biblia
594 4533 687 4592 non
719 4528 858 4630 pauca
880 4490 1071 4593 Ebra'ica
1099 4506 1376 4623 notavimus,
1399 4536 1497 4634 qua
1523 4542 1689 4603 annum

371 4636 430 4733 ad
457 4633 627 4731 calcem
648 4629 882 4770 praeferunt
907 4678 916 4731 :
945 4642 990 4728 in
1015 4644 1065 4730 iis
1090 4634 1385 4734 Anrbrosrana
1411 4637 1612 4774 Hispali,
1643 4678 1690 4737 ut

369 4768 461 4874 fert
485 4766 736 4909 inscriptio,
752 4802 958 4896 exarata,
982 4810 1179 4909 quorum
1198 4807 1306 4874 nota
1332 4813 1426 4875 non
1441 4814 1599 4913 parum
1618 4816 1695 4875 ne-
