4060 5700
1073 376 1203 512 Caput
1221 376 1384 471 tardum.
1833 402 1883 493 ³4¹

631 516 795 600 Homeri,
815 509 1012 625 Euripidis,
1028 514 1220 622 Sophoclis,
1240 524 1278 592 δι
1299 505 1452 619 AEschyli
1476 505 1642 589 codices,¹

629 625 811 699 Alcimum
828 618 1085 729 elegantissime
1101 616 1314 723 descriptus,
1329 622 1455 724 primis
1467 621 1610 726 paginis
1627 642 1714 693 auro
1734 613 1849 693 illitis.

630 733 717 806 Alia
737 733 852 807 multa
871 727 1076 834 spedabilia
1094 726 1172 804 istic
1189 728 1295 822 sunt,
1314 727 1458 804 tabella:
1477 724 1631 833 depiilae
1657 722 1879 832 peritissimis

575 836 786 941 pistoribus.
823 837 1046 915 Monstratut
1064 839 1153 911 item
1171 838 1293 937 ampla
1314 831 1470 936 supellex
1492 834 1642 943 figlina,
1662 830 1753 909 disci
1774 830 1878 908 vide-

576 945 667 1019 licet
697 948 734 1019 in
761 969 922 1021 concavo
949 943 968 1021 i
997 943 1185 1046 Raphaele
1214 942 1414 1025 delineati;
1445 966 1481 1016 at
1505 943 1611 1019 multi
1643 940 1878 1047 Raphaelem

573 1052 757 1128 sudorem
780 1078 946 1159 negant,
973 1049 1049 1128 fere
1065 1049 1245 1153 nusquam
1263 1048 1402 1125 exstant
1430 1074 1489 1124 tot
1512 1046 1778 1149 hujuscemodi.
1819 1047 1878 1124 Est

574 1154 719 1232 ibidem
747 1165 925 1235 conclave
955 1162 1105 1261 plenum
1137 1155 1373 1263 anaglyphis,
1401 1155 1535 1265 fignis,
1562 1156 1877 1259 inscriptionibus,

573 1265 726 1365 aliisque
743 1267 1008 1369 antiquitatum
1032 1266 1303 1361 monumentis,
1327 1291 1407 1366 quae
1427 1289 1488 1367 per
1508 1266 1687 1341 cancellos
1709 1260 1729 1338 Ξι
1749 1264 1878 1338 limine

573 1362 691 1446 solum
710 1369 862 1448 salutare
882 1372 1005 1472 licuit,
1018 1400 1104 1448 nam
1122 1369 1261 1476 semper
1279 1365 1520 1474 oppessulatas
1535 1373 1740 1451 invenimus
1761 1365 1876 1473 fores,

572 1502 693 1579 neque
715 1480 829 1555 clavis
851 1476 999 1575 aderat,
1017 1479 1168 1554 confilio
1189 1507 1235 1555 an
1256 1476 1341 1554 casu
1361 1481 1561 1585 ignoratur.

626 1586 671 1660 In
689 1582 853 1688 quadam
871 1585 1101 1663 cellavisrtur
1123 1588 1343 1689 caputJovis
1357 1611 1626 1680 marmoreum,
1645 1611 1731 1661 cum
1751 1582 1878 1662 inscri-

571 1691 699 1796 ptione
733 1692 914 1770 BONO
952 1692 1080 1771 DEO
1115 1690 1492 1785 BROTONTI,
1520 1691 1724 1797 sphalmate
1749 1685 1877 1772 fabrili

568 1826 650 1902 pru,
673 1795 867 1895 brontonti,
887 1805 1082 1900 Quirini,
1102 1796 1141 1873 id
1160 1799 1209 1875 est
1230 1799 1396 1875 tonanti:
1413 1798 1543 1877 similes
1559 1823 1756 1875 occurrunt
1773 1797 1875 1906 apud

571 1906 790 1982 Gruterum.
817 1907 903 1982 Hac
931 1904 978 1982 de
1005 1932 1043 1983 te
1064 1900 1345 1982 Dissertationes
1373 1901 1571 1981 ediderunt
1592 1907 1714 2009 ptimo
1735 1906 1793 1980 vir
1822 1908 1873 1984 cl.

568 2014 726 2099 Ioannes
747 2013 933 2091 Antonius
949 2011 1133 2104 Astotius,
1153 2037 1196 2087 ac
1216 2005 1351 2086 deinde
1364 2012 1418 2088 vir
1432 2009 1560 2089 doslus
1577 2009 1758 2114 nobisque
1778 2014 1872 2088 ami·

568 2114 726 2301 hbffimus
738 2118 928 2227 Philippus
950 2115 971 2197 a
989 2123 1119 2219 Turre,
1130 2118 1170 2196 in
1181 2119 1341 2227 eleganti
1353 2145 1464 2225 opere
1486 2115 1532 2195 de
1553 2117 1639 2196 Diis
1655 2118 1872 2223 Aquileien-

620 2251 673 2301 us.

622 2331 789 2437 Septima
807 2338 957 2446 Augusti
977 2334 998 2415 a
1015 2340 1067 2415 D.
1078 2337 1227 2415 Abbate
1243 2339 1354 2418 Leirh
1374 2337 1445 2416 live
1465 2335 1657 2413 Gualtetio
1675 2337 1713 2412 in
1729 2337 1872 2414 Biblio-

566 2437 717 2516 thecam
736 2442 771 2521 S.
783 2445 904 2522 Marci
925 2445 1219 2525 intromittimur.
1249 2448 1385 2526 Visrtut
1405 2446 1452 2523 ab
1474 2441 1628 2550 ingressu
1643 2440 1871 2523 vestibulum

567 2547 720 2650 plenum
746 2552 976 2656 anaglyphis,
996 2551 1163 2631 iconibus
1181 2553 1417 2646 marmoreis,
1441 2551 1660 2654 statuisque,
1681 2562 1719 2630 δι
1737 2546 1868 2627 inscri-

564 2654 783 2756 ptionibus;
807 2656 1029 2761 Ganymedis
1047 2684 1173 2763 raptus
1201 2657 1343 2737 ibidem
1375 2659 1489 2737 exstat
1517 2657 1607 2735 scire’
1633 2656 1867 2736 elaboratusz

563 2758 693 2860 opinio
720 2760 772 2837 est
797 2758 866 2839 elle
887 2763 1029 2842 Phidiae
1046 2791 1151 2870 opus.
1196 2766 1306 2845 Leda:
1326 2768 1474 2861 statua,
1504 2765 1720 2852 Patiscum
1746 2761 1870 2841 bireto

561 2862 742 2970 Phrygio,
758 2869 906 2970 Trajani
919 2895 1041 2975 caput,
1059 2872 1183 2948 icones
1198 2871 1419 2978 Vespasiani,
1432 2872 1553 2947 Marci
1570 2871 1727 2968 Aurelii,
1746 2869 1869 2975 Septi-

561 2970 629 3043 mii
643 2971 778 3067 Severi,
791 2986 861 3052 dec.
896 2978 1047 3052 Horum
1061 3005 1194 3085 magna
1210 3007 1289 3083 pars
1309 2976 1329 3055 i
1346 2976 1530 3055 Grimanis
1546 2975 1647 3054 dono
1665 2976 1791 3053 oblata
1805 2978 1868 3054 Bi·

560 3072 760 3155 bliothecae
771 3075 886 3174 suere,
901 3084 993 3159 inter
1005 3109 1086 3188 quae
1100 3090 1224 3162 notavi
1240 3086 1532 3190 inscriptionem,
1554 3089 1605 3162 A.
1623 3087 1661 3162 Ο
1674 3083 1819 3162 RCIV
1834 3086 1868 3159 l.

561 3184 609 3258 A.
622 3181 658 3258 F.
687 3186 817 3263 PAL.
843 3200 913 3267 &c
943 3216 1023 3294 qua:
1049 3190 1150 3296 apud
1170 3195 1371 3270 Gruterum
1401 3219 1437 3297 p.
1457 3216 1689 3271 nccccxux.
1716 3217 1758 3267 ut
1775 3190 1866 3267 Gri-

559 3313 756 3366 manorum
773 3289 946 3372 adfertur.
977 3299 1019 3372 In
1040 3296 1126 3374 istac
1137 3298 1369 3377 Bibliotheca
1381 3297 1522 3375 nonnisr
1540 3294 1721 3375 manuscri
1751 3298 1776 3372 ti
1796 3322 1864 3373 co·

561 3391 663 3471 dices
688 3396 870 3477 habentur
890 3403 1047 3480 maxima
1071 3431 1151 3508 pars
1173 3408 1323 3503 Gtaeci,
1347 3418 1384 3485 &
1402 3404 1422 3483 :i
1441 3400 1634 3482 Cardinali
1657 3324 1863 3481 Belhrione

507 3560 511 3565 <
562 3502 666 3580 dorio
689 3502 815 3581 oblati.
857 3508 944 3612 Spes
969 3534 1045 3586 erat
1067 3510 1287 3617 amplissimae
1305 3511 1422 3591 messis
1451 3545 1460 3590 ε
1489 3534 1527 3587 at
1553 3511 1681 3589 ostava
1705 3510 1862 3695 Aubusti

560 3633 650 3686 cum
669 3609 715 3688 ad
735 3610 943 3691 condielum
961 3616 1071 3695 tertii)
1087 3616 1343 3697 accederemus
1362 3679 1373 3714 ,
1391 3614 1618 3695 renunciavit
1632 3617 1761 3696 Abbas
1803 3647 1863 3695 to·

561 3741 766 3794 curatorem
785 3722 1016 3821 Cornarum,
1041 3726 1098 3801 eui
1116 3722 1274 3803 maxime
1293 3723 1478 3803 incumbit
1498 3723 1742 3803 Bibliothecae
1762 3753 1861 3827 cura,

561 3827 747 3901 monitum
765 3826 812 3900 ab
832 3829 956 3908 neseio
980 3859 1056 3934 quo
1075 3834 1138 3936 qui
1155 3831 1275 3937 pridie
1292 3834 1329 3908 in
1343 3830 1614 3909 Bibliothecam
1635 3829 1670 3907 se
1691 3834 1861 3910 intromi-

563 3928 677 4028 serat,
697 3929 848 4007 vetuille
870 3962 918 4011 ne
935 3938 1044 4013 nobis
1059 3936 1249 4029 lustrandi,
1271 3941 1468 4042 multoque
1492 3940 1612 4015 minus
1633 3937 1858 4016 exscribendi

561 4033 716 4113 facultas
735 4034 902 4136 daretur,
922 4068 1042 4121 ratum
1068 4038 1088 4119 ὲ
1114 4046 1342 4150 Reipublicae
1361 4045 1654 4126 &Bibliothecae
1675 4042 1860 4152 dignitate

561 4137 661 4240 fore,
680 4144 704 4220 s1
724 4144 869 4224 codices
896 4175 1001 4226 tanto
1027 4178 1181 4228 numero
1209 4156 1348 4230 occulti
1380 4154 1418 4231 in
1440 4156 1574 4259 pluteis
1604 4154 1795 4258 quiescant
1820 4153 1860 4230 in

563 4273 653 4352 paee
671 4253 827 4331 &trullo
847 4253 927 4332 usui
949 4257 1013 4335 smt
1032 4291 1041 4336 t
1065 4258 1163 4363 quafi
1182 4285 1269 4336 vero
1288 4259 1495 4339 Cardinalis
1516 4258 1706 4355 Besl'arion,
1718 4258 1781 4364 qui
1799 4286 1859 4336 co-

559 4353 662 4432 dices
694 4358 776 4436 istos
805 4365 904 4440 tanti
938 4367 1022 4442 euti
1049 4367 1268 4468 conquifivit
1297 4378 1335 4446 &
1362 4393 1407 4443 ex
1431 4369 1539 4443 variis
1571 4366 1667 4442 orbis
1691 4364 1860 4469 partibus

560 4462 725 4561 advexit,
742 4493 787 4542 eo
815 4470 962 4547 consilio
982 4468 1022 4546 id
1040 4474 1214 4579 egeritur
1234 4474 1271 4550 in
1291 4472 1482 4551 bellissimo
1507 4472 1675 4549 conclavi
1695 4472 1859 4549 tumula-

561 4595 683 4649 rentur
702 4582 739 4652 &
756 4577 881 4679 quiere*
900 4575 1072 4688 ageient,
1089 4574 1207 4665 donec
1226 4607 1292 4667 aut
1311 4579 1400 4680 fito,
1414 4606 1476 4661 aut
1493 4579 1636 4678 blattis,
1653 4603 1714 4763 apr
1733 4580 1858 4657 ineen-
