4264 5684
6 632 105 746 ample·

18 774 106 827 ruine.

0 886 102 953 ruslssl,

0 968 100 1048 tuidi

1 1075 97 1177 litum,

0 1223 17 1272 *i
36 1194 93 1273 Ca·-

18 1328 90 1385 muri

2 1415 87 1497 Subu-

1 1552 86 1607 natos

12 1638 82 1718 arlia

17 1748 77 1864 pla

0 1901 7 1932 r
32 1886 75 1940 fe.

1066 485 1193 605 Caput
1213 500 1368 566 nonum.
1806 452 1866 595 i33

574 605 715 687 militer
734 603 885 684 mutatis
913 595 1059 682 sedibus
1082 601 1106 678 a
1135 599 1278 680 Subura
1304 596 1371 676 illa
1406 596 1561 705 antiqua
1586 599 1626 676 iu
1653 620 1738 677 eain
1762 595 1877 681 Urbis

575 738 724 824 parterii
753 739 835 819 qua:
853 708 969 788 hodie
1001 706 1144 786 Subura
1170 707 1337 807 dicitur,
1363 730 1505 784 nomen
1532 704 1683 785 Subura:
1701 705 1757 785 isti
1783 708 1877 788 item

575 821 805 900 indiderint..
831 816 902 896 llla
917 819 1114 915 Donatus,
1130 813 1211 892 liaec
1236 814 1431 892 Nardinus
1449 859 1459 912 3
1479 807 1539 890 sed
1558 838 1717 920 uterque
1736 822 1877 924 partim

577 926 842 1037 bene,partirn
859 922 959 1003 niale
978 916 1189 1003 edisserunt.
1209 926 1315 1000 Nam
1329 920 1444 1105 [quod
1467 923 1521 997 ait
1536 920 1752 1020 Nardinus,
1782 929 1876 1002 anti-

578 1033 905 1143 quaniSuburam
925 1036 962 1109 in
989 1025 1152 1110 secunda
1177 1023 1299 1105 sullani
1366 1027 1439 1106 rbis
1465 1032 1622 1137 regione
1652 1025 1875 1129 suille,'nec

576 1137 762 1250 pertigisse
781 1141 830 1217 ad
847 1138 952 1238 alias,
972 1140 1256 1320 Victorisaqque
1274 1134 1362 1215 Rufi
1374 1134 1590 1214 testimoniis
1605 1134 1777 1215 firmatur
1789 1143 1874 1246 ,qui

576 1254 616 1327 in
636 1247 922 1326 Coelimontana
944 1240 1066 1322 solum
1084 1243 1156 1323 sive
1189 1242 1336 1322 etunda
1355 1247 1508 1352 regione
1527 1242 1709 1322 Suburani
1721 1243 1872 1346 locant,

578 1383 650 1435 nec
669 1377 885 1434 memorant
903 1355 942 1430 in
967 1349 1056 1429 aliis.
1074 1350 1194 1459 Quod
1218 1374 1344 1429 autem
1380 1374 1524 1461 pugnat
1552 1352 1583 1429 S.
1605 1350 1799 1460 Agathini
1832 1357 1872 1432 in

578 1460 722 1541 Subura
737 1461 985 1558 hodiernam,
1003 1485 1083 1536 non
1101 1456 1277 1537 eamdem
1294 1452 1363 1538 else
1382 1485 1465 1566 quat
1482 1457 1565 1536 an.
1584 1458 1775 1568 Gregorio
1795 1486 1872 1538 nie-

576 1571 896 1677 moratur,gratis
915 1568 1072 1643 omnino
1097 1563 1359 1665 dicitur,cimi
1379 1564 1545 1644 maxime
1562 1563 1686 1643 istlittc
1709 1564 1871 1646 Ecclesia

576 1676 824 1784 antiquissima
842 1673 915 1774 sit,
944 1680 982 1752 ὅ(
998 1676 1152 1752 Notitia
1176 1676 1355 1781 Imperii,
1394 1699 1476 1781 quae
1495 1675 1630 1780 quinto
1649 1677 1797 1751 circiter
1813 1669 1871 1751 saa

578 1782 666 1860 culo
684 1778 892 1891 conscripta
901 1779 990 1879 fuit,
1003 1777 1185 1859 Suburam
1195 1780 1369 1887 proxime
1380 1777 1504 1857 sorum
1516 1778 1871 1881 Transitoriuni‚cui

578 1890 790 1968 vicinillmia
806 1888 862 1969 est
877 1887 1001 1967 isthaec
1018 1884 1308 1983 bethsabeam
1331 1883 1429 1965 ferat
1440 1922 1448 1964 :
1459 1884 1564 1963 nullo
1583 1891 1720 1995 quippe
1739 1886 1873 1965 liuida-

579 2021 712 2075 mento
729 1996 828 2075 istius
846 1999 1006 2076 Notitiae
1024 1990 1278 2071 testimonium
1296 1989 1442 2123 respuit.
1469 1993 1585 2099 Cujus
1605 1998 1733 2073 audior
1749 2000 1797 2072 V.
1814 1990 1872 2073 sa‘.

578 2103 655 2181 culi
675 2103 820 2182 tametsi
846 2097 1306 2208 Constantinopolitanus,
1332 2128 1421 2177 cum
1448 2098 1631 2179 Suburam
1656 2093 1778 2179 versus
1804 2101 1870 2179 cli-

578 2238 668 2290 vum
685 2208 890 2319 Qririnalis
906 2208 1029 2305 locat,
1047 2206 1110 2284 ribi
1129 2204 1320 2313 hodieque
1341 2205 1484 2285 Subura
1502 2206 1653 2308 visitur,
1671 2235 1750 2286 non
1769 2208 1807 2286 id
1820 2234 1873 2289 te-

577 2342 682 2396 mere
701 2314 840 2426 suoque
858 2340 980 2394 marte
1000 2318 1038 2392 in
1053 2312 1221 2392 medium
1237 2313 1407 2392 adduxit.
1426 2316 1603 2392 Donatus
1613 2342 1705 2423 ergo
1724 2317 1873 2425 optimc

576 2421 691 2503 insert
707 2427 740 2504 S.
761 2422 954 2533 Agatham
973 2425 1011 2498 in
1030 2419 1173 2500 Subura
1188 2420 1364 2500 eamdem
1391 2418 1462 2500 effe
1507 2448 1593 2499 uam
1620 2422 1788 2530 ipfillimo
1807 2452 1873 2501 n0.

575 2535 678 2609 mine
695 2555 884 2610 memorat
910 2534 942 2609 S.
971 2530 1209 2638 Gregorius,
1230 2526 1412 2636 istamque
1442 2450 1554 2606 Uiliis
1578 2553 1726 2637 partem
1749 2537 1874 2639 proxi·

576 2665 680 2716 inani
698 2637 868 2719 Ecclesiae
887 2640 921 2716 S.
938 2634 1280 2745 Agatliae,Suburae
1305 2662 1447 2715 nomen
1465 2637 1518 2715 D.
1538 2637 1716 2745 Gregorii
1728 2660 1872 2746 ternpo-

576 2773 618 2826 re
637 2741 843 2823 obtinuille.
863 2750 1009 2825 Verum
1027 2747 1066 2821 iii
1083 2767 1130 2821 eo
1148 2767 1275 2822 errare
1291 2743 1461 2842 videtur,
1481 2742 1676 2851 quodanti
1704 2768 1791 2820 uam
1811 2748 1873 2824 Su-

579 2850 712 2931 buram
723 2917 733 2952 ,
744 2877 859 2960 quarn
873 2848 936 2930 ille
952 2872 1115 2958 exparte
1126 2847 1242 2928 Coelii
1258 2855 1397 2928 montis
1409 2771 1874 2959 angustioribuslhnitibus

578 2954 877 3057 circumscribit,
905 2952 954 3035 us
973 2982 1018 3034 ue
1059 2954 1109 3033 ad
1135 2956 1374 3062 Quirinalem
1406 2983 1474 3065 per
1499 2952 1725 3064 Esquilinum
1746 2965 1785 3036 &
1810 2963 1875 3039 Vi-

579 3062 759 3143 minaleni
775 3087 925 3142 montes
941 2985 1130 3141 distendat
1147 3096 1155 3138 ε
1173 3086 1309 3141 contra
1324 3062 1440 3142 fidem
1466 3067 1670 3142 ausloruui.
1703 3065 1871 3144 Putarini

580 3198 655 3281 ego
672 3168 777 3250 istam
795 3168 907 3248 Urbis
923 3192 1071 3279 partem
1088 3187 1170 3276 quae
1188 3166 1333 3249 Subura
1359 3169 1551 3279 hodieque
1578 3193 1758 3272 vocatur,
1795 3170 1871 3251 hoc

579 3304 721 3356 nomen
737 3273 925 3375 sortitam,
945 3277 1017 3356 sive
1037 3279 1125 3383 quia
1141 3274 1190 3353 ali
1220 3302 1267 3354 ua
1282 3281 1445 3385 antiquat
1474 3274 1624 3356 Subura:
1651 3282 1710 3355 via
1737 3283 1775 3357 in
1805 3280 1871 3357 ho-

581 3385 754 3464 diernam
770 3383 932 3462 dedusta
947 3409 1088 3461 nomen
1096 3305 1308 3488 liujusnodi
1322 3408 1527 3495 augmento
1539 3384 1751 3464 attribuerit
1766 3451 1778 3485 ,
1797 3386 1869 3469 sive

579 3491 652 3570 alia
670 3495 802 3600 ignota
831 3489 880 3580 cle
897 3484 1013 3568 causa.
1154 3510 1161 3517 ’
1678 3568 1679 3571 ,

642 3596 731 3676 Post
746 3601 821 3675 itur
836 3601 879 3674 in'
891 3595 1092 3678 Eccleham
1109 3599 1141 3676 S.
1160 3594 1371 3676 Clementis
1396 3623 1478 3707 qua
1510 3595 1639 3676 titulus
1656 3600 1868 3679 Cardiiiali-

580 3708 650 3782 tius
660 3702 843 3783 est=hanc
859 3702 986 3781 ferunt
1003 3700 1105 3781 fuisse
1116 3700 1204 3811 ipsas
1222 3708 1254 3781 S.
1267 3702 1475 3783 Clementis
1502 3706 1611 3812 Papa:
1638 3706 1747 3786 aedes.
1775 3712 1870 3789 Sane

579 3814 781 3919 antiquitus
797 3809 819 3887 cl
837 3805 961 3918 priscis
972 3808 1191 3888 Christianae
1205 3808 1292 3889 fidei
1309 3805 1444 3890 saeculis
1462 3815 1498 3888 in
1522 3810 1685 3891 ecclesia:
1704 3812 1870 3893 formam

578 3923 661 3997 atla
679 3915 741 3997 est.
762 3921 868 3995 Nam
886 3920 993 3994 initio
1009 3922 1058 3995 V.
1076 3912 1213 4016 seculi,
1240 3911 1275 3995 se
1298 3917 1513 3996 Concilium
1540 3921 1642 3997 inea
1670 3917 1869 4002 celebrasse

578 4024 736 4106 testatur
751 4027 790 4100 in
807 4019 1041 4135 epistola‘sua
1058 4022 1230 4101 Zosimus
1252 4026 1364 4132 Papa.
1391 4023 1447 4102 lbi
1477 4022 1675 4103 Coelestius
1705 4027 1869 4137 Pelagii„

579 4160 647 4209 nus
667 4130 896 4239 palinodiam
915 4134 1051 4209 cecinit
1071 4174 1081 4231 3
1098 4124 1162 4206 sub
1179 4128 1260 4209 haec
1286 4156 1412 4209 autem
1460 4128 1584 4208 rislina
1605 4159 1795 4242 repetens,
1816 4161 1870 4213 re.

578 4235 772 4346 lapsusque
796 4241 842 4322 in
859 4264 1049 4337 errorem,
1067 4236 1265 4314 damnatus
1283 4237 1346 4315 est.
1364 4158 1577 4318 Ecclesia&
1595 4239 1869 4349 presbyterium

577 4341 917 4453 formaspeslabili,
945 4367 1111 4423 veterem
1137 4341 1436 4422 Christianorum
1465 4343 1696 4424 instruendis
1722 4346 1870 4456 templis

579 4478 725 4531 morem
746 4449 906 4559 praefert
933 4456 1038 4530 Nam
1066 4450 1222 4550 chorus,
1276 4451 1353 4529 uod
1374 4453 1500 4531 Grati
1517 4450 1691 4554 mpib'ihtr
1707 4480 1867 4553 vocant,

578 4584 795 4637 marmoreo
814 4553 938 4666 sept0,
952 4557 1006 4635 ‘ad
1022 4558 1226 4635 humanam
1245 4478 1365 4638 senne
1383 4557 1561 4638 staturam
1581 4556 1744 4661 sublimi,
1771 4561 1869 4639 clau

579 4664 682 4745 ditur
700 4674 738 4743 ὅ(
764 4660 1057 4774 circumquaque
1085 4663 1181 4743 obiri
1206 4664 1351 4774 potest,
1371 4664 1480 4776 quale
1506 4662 1680 4749 describit
1707 4667 1869 4748 Alexan.

1636 4779 1674 4858 u
1693 4778 1729 4882 iij
