4264 5684
959 465 1084 580 Caput
1107 481 1263 543 nonum.
1729 488 1786 572 ¹35

550 584 692 700 Neque
701 577 902 658 aestimatur
911 599 1040 658 tamen
1057 577 1106 657 sic
1122 577 1331 685 altempore
1341 567 1455 683 usque
1469 569 1700 651 fundationis
1709 600 1791 684 per.

488 687 655 768 mansrsse
683 721 692 764 :
716 715 804 766 nam
821 686 1046 797 plerumque
1062 684 1224 767 Ecclesia
1243 683 1370 763 isthac
1392 681 1596 763 instaurata
1621 679 1790 783 fuit5sed

488 802 552 906 qui
572 795 827 877 restaurarunt
844 800 1006 918 primam
1036 788 1183 905 semper
1212 791 1377 872 formam
1399 786 1544 900 sequuti
1563 785 1655 868 sunt.
1681 791 1789 902 Apsis

485 930 614 986 autem
636 902 744 982 chori
763 910 905 983 mulivo
924 930 1039 1016 opere
1049 925 1235 984 exornata
1249 929 1436 981 annorum
1448 903 1598 981 circiter
1609 928 1704 999 400.
1716 926 1787 980 nee

487 1012 669 1094 vestutior
686 1007 757 1092 elle
776 1038 912 1121 queat,
943 1019 981 1092 in
996 1028 1049 1094 'ea
1077 1037 1242 1122 namque
1271 1012 1541 1110 Dominitani,
1568 1011 1634 1119 qui
1656 1008 1785 1091 Eccle-

485 1121 576 1200 siam
593 1143 747 1220 tenent,
764 1121 898 1232 depicli
912 1118 1085 1201 visuntur.

548 1231 710 1338 Propter
729 1229 923 1309 ecclesiam
946 1235 978 1309 S.
1000 1228 1208 1310 Clementis
1226 1247 1309 1306 erat
1324 1227 1450 1335 Caput
1461 1224 1618 1325 Africae,
1648 1230 1786 1308 tradlus

485 1331 654 1415 secunda·
670 1339 852 1447 Regionis
874 1338 923 1414 stc
942 1362 1106 1417 vocatun
1124 1335 1289 1414 AEstimo
1309 1361 1452 1413 nomen
1469 1336 1631 1412 inditum
1650 1336 1731 1413 dea
1759 1341 1784 1413 i.

485 1467 524 1523 te
544 1442 681 1524 Africa
693 1449 821 1546 ,icone
848 1439 988 1525 scillcet
1003 1448 1133 1556 capitis
1151 1442 1173 1521 al
1192 1446 1293 1550 cujus
1318 1441 1445 1522 fronte
1472 1442 1687 1550 erigebatur
1705 1363 1757 1523 el

483 1549 618 1660 plianti
636 1548 835 1663 proboscis.
862 1558 1022 1633 Norunt
1038 1558 1177 1663 quippe
1197 1556 1259 1658 qui
1271 1577 1351 1630 rem
1368 1555 1620 1629 nummariam
1630 1549 1689 1630 vel
1710 1557 1783 1659 pri.

484 1657 653 1737 moribus
673 1658 786 1738 labris
805 1666 1034 1783 attigerunt,
1060 1659 1155 1738 nibil
1180 1658 1411 1767 frequentius
1428 1664 1466 1736 in
1498 1654 1781 1737 numilinatibus

483 1788 600 1874 atque
618 1771 656 1844 in
674 1765 808 1875 lapillis
826 1765 1039 1876 hujusmodi
1053 1765 1223 1877 symbolo
1243 1761 1323 1846 elle.
1352 1771 1528 1847 Errorem
1547 1765 1611 1843 bic
1631 1760 1782 1872 suspica-

483 1895 546 1950 tur
563 1875 759 1952 Nardinus
777 1883 816 1954 δι
837 1902 932 1976 caput
952 1880 1086 1972 Africi,
1104 1875 1144 1953 id
1160 1872 1214 1954 est
1232 1896 1337 1963 captat
1360 1886 1433 1950 vici
1443 1877 1557 1969 Africi
1573 1871 1781 1982 legendum

509 2004 601 2059 utat.
627 1984 790 2090 Eratque
815 1986 915 2061 vicus
939 1982 1060 2061 Africi
1086 1987 1125 2059 in
1158 1976 1323 2089 Esquiliis
1351 2008 1397 2059 ex
1425 1986 1612 2060 Varrone.
1641 1983 1694 2057 At
1722 1984 1778 2056 ni.

482 2006 536 2163 bil
569 2082 759 2196 suspicioni
784 2088 886 2191 loci,
915 2090 1070 2199 qnando
1088 2092 1216 2198 Caput
1251 2088 1388 2167 Africae
1414 2079 1589 2166 diletted
1614 2085 1719 2167 Rufo
1739 2096 1778 2167 &

483 2197 641 2275 Viciore
659 2219 894 2275 memoratur
916 2204 956 2276 in
980 2194 1143 2277 secunda
1164 2201 1319 2306 regione
1336 2226 1398 2298 ‚ac
1418 2220 1598 2305 praterea
1617 2198 1776 2303 Anony-

481 2327 565 2379 mus
582 2300 604 2379 d
621 2305 675 2382 D.
687 2306 795 2414 Joan
817 2303 1009 2382 Mabillon
1027 2310 1066 2384 in
1086 2334 1138 2383 1v.
1152 2305 1320 2384 Analeel.
1345 2330 1453 2384 tomo
1480 2304 1630 2402 editus,
1650 2299 1777 2413 Caput

481 2405 620 2488 Africa
644 2434 835 2491 memorat
864 2411 931 2490 ista
963 2407 1062 2491 serie.
1082 2424 1191 2491 Arcus
1219 2420 1442 2514 constantini.
1470 2424 1583 2491 Meta
1614 2414 1774 2492 Sudantt.

481 2528 598 2615 Captet
619 2525 770 2620 Asfricae.
790 2528 1138 2622 QuatuorCorunatt'.
1165 2529 1200 2600 S.
1214 2517 1379 2618 Johunnis
1407 2518 1653 2622 Laterantnſsr.
1679 2521 1775 2626 Qni-

483 2620 550 2699 bus
584 2623 717 2704 ordine
736 2623 861 2733 positis
889 2624 1063 2723 indicat,
1092 2627 1151 2702 Ca
1178 2647 1220 2701 ut
1238 2622 1374 2702 Africa
1393 2630 1492 2702 inter
1509 2648 1673 2731 quatuor
1695 2628 1774 2703 Co-

480 2737 844 2812 tonatos&Metam
869 2729 1065 2812 sudantem
1090 2650 1244 2832 haberi,
1272 2759 1317 2809 ac
1345 2731 1504 2841 proinde
1531 2730 1634 2808 aliud
1660 2728 1775 2813 elled

480 2841 566 2916 vico
586 2837 705 2917 Africi
722 2844 760 2917 in
776 2836 950 2948 Esquiliis.
978 2843 1043 2919 De
1062 2844 1240 2949 Quatuor
1262 2841 1545 2918 Coronatornm
1557 2839 1702 2950 templo
1723 2845 1776 2917 ni-

480 2943 535 3021 hil
553 2943 733 3025 succurrit
739 2972 877 3055 prater
894 2952 984 3025 trita
999 2944 1199 3055 &vulgata
1217 2945 1442 3046 dicendum,
1460 2942 1524 3026 sed
1546 2939 1639 3024 scitu
1658 2947 1775 3058 digna

479 3047 564 3129 sunt
580 3082 663 3161 quae
691 3052 891 3157 Flaminius
913 3078 1104 3132 memorat
1127 3055 1292 3132 *evicino
1312 3079 1428 3133 eruta.

541 3162 610 3239 Fr
633 3188 660 3240 a
683 3189 716 3241 n
737 3192 750 3240 1
770 3190 799 3241 n
822 3191 835 3239 r
855 3187 921 3242 us
965 3166 1002 3240 V
1024 3187 1052 3239 n
1073 3188 1097 3239 c
1117 3188 1141 3240 c
1160 3188 1201 3240 n.
1239 3164 1339 3239 Cum
1374 3162 1548 3270 proxime
1575 3161 1769 3243 ecclesiam
1794 3172 1818 3208 “

481 3268 539 3345 SS.
559 3272 737 3376 Qatuor
754 3273 1037 3350 Coronaeorum
1058 3263 1175 3347 solum
1194 3295 1438 3368 excavarent,
1467 3295 1573 3349 eruta
1596 3265 1678 3348 sunt
1698 3275 1772 3381 epi.
1794 3280 1819 3316 “

480 3396 520 3449 ta
547 3372 610 3453 bia
627 3376 748 3455 multa
768 3422 777 3477 3
794 3380 1126 3485 renuntiatumque
1143 3376 1236 3453 miln'
1254 3377 1307 3455 est
1325 3444 1334 3477 ,
1365 3405 1479 3454 unum
1506 3403 1553 3455 ex
1577 3380 1618 3453 iis
1643 3380 1770 3458 Pontii
1794 3389 1818 3424 “

481 3402 594 3560 Pilati
612 3478 714 3563 fuille
744 3527 754 3583 5
780 3506 893 3590 atque
924 3482 945 3561 ‘e
965 3486 1089 3561 vicino
1106 3488 1215 3561 vinea
1233 3483 1286 3561 est
1308 3485 1422 3592 plena
1437 3483 1657 3580 fragmentis
1679 3485 1770 3598 figu.
1792 3497 1816 3533 “

480 3614 630 3689 rarum,
649 3600 687 3669 de
704 3588 889 3697 lapidibus
906 3589 1056 3698 quadris
1075 3616 1144 3697 pro
1162 3588 1368 3689 catastatis,
1388 3603 1399 3689 (
1410 3590 1447 3666 id
1468 3569 1521 3668 eil
1538 3589 1586 3667 ad
1596 3590 1690 3697 pilas
1708 3622 1770 3673 ex.
1791 3604 1816 3640 “

480 3692 705 3791 struendas.)
732 3700 769 3774 Is
787 3696 879 3775 verb
897 3700 998 3802 cujus
1021 3718 1102 3775 erat
1120 3696 1251 3796 locut,
1280 3697 1370 3775 dum
1389 3694 1596 3796 effoderet,
1623 3700 1769 3780 invenit
1790 3719 1816 3755 “

480 3803 621 3882 multos
638 3801 817 3881 calcarios
834 3802 993 3903 furnos,
1018 3801 1186 3910 sequiore
1207 3830 1287 3882 aevo
1306 3802 1505 3882 confectos.
1524 3807 1623 3882 Puto
1638 3831 1766 3885 autem
1790 3826 1814 3864 “

479 3908 695 4007 fragmenta
713 3907 924 4017 hujusmodi
935 3908 1178 3989 conficienda
1188 3910 1283 3988 calci
1311 3936 1443 4019 parata
1464 3903 1576 3989 fuiffe.
1593 3913 1770 3992 Adorna.
1789 3939 1814 3977 α

481 4039 521 4093 ta
538 3996 661 4096 loi‘lan
681 4016 777 4095 istuc
797 4013 879 4094 sunt
902 4041 1073 4126 tempore
1099 4011 1330 4095 summorum
1355 4016 1605 4120 Pontificum,
1624 4024 1689 4128 qui
1707 4047 1768 4100 ex.
1790 4054 1813 4090 ιι

481 4122 710 4232 stinguendae
720 4124 943 4202 idololatria
952 4121 1220 4233 advigilabant.
1787 4165 1813 4201 <t

540 4236 581 4310 N
587 4261 637 4311 on
656 4232 788 4341 procul
808 4233 898 4310 hinc
916 4229 969 4311 est
988 4231 1245 4311 Lateranenfis
1267 4229 1410 4338 platea,
1429 4230 1451 4309 d
1470 4231 1573 4336 cujus
1609 4228 1767 4342 ingrellu

481 4338 607 4417 visitur
625 4336 899 4431 Nosoeomium
918 4336 1172 4448 peramplum,
1197 4338 1303 4446 quod
1320 4335 1446 4415 olimb
1466 4343 1767 4447 vigintiquatuor

480 4446 592 4525 Urbis
613 4440 863 4526 Abbatlarunr
881 4474 1042 4525 numero
1056 4444 1138 4545 fuit,
1152 4448 1307 4526 nomine
1325 4449 1357 4525 S.
1375 4445 1547 4524 Andreae.
1560 4448 1694 4524 Parem
1713 4445 1767 4525 ibi

481 4579 650 4634 veterum
664 4578 998 4633 monumentorum
1009 4553 1171 4663 stragem
1190 4553 1392 4633 Flaminius
1412 4547 1588 4632 recenset.

540 4665 568 4741 F
588 4690 610 4741 t
632 4693 660 4741 n
680 4693 713 4741 m
733 4692 745 4739 1
769 4692 795 4742 n
818 4693 831 4740 1
851 4693 879 4745 u
902 4688 919 4740 s
967 4669 1005 4745 V
1026 4690 1054 4742 n
1077 4690 1101 4742 c
1124 4690 1206 4745 cn.
1236 4660 1310 4741 sub
1328 4656 1545 4739 nosocomio
1572 4661 1603 4738 S.
1618 4658 1762 4767 Jolran-
1784 4715 1808 4751 u
