4414 5692
523 502 609 592 240
1022 466 1210 574 Diarium
1231 465 1422 559 Italicum.

479 616 504 651 ‘³
525 619 717 675 marmora
736 594 978 675 &Tiburtini
1000 599 1060 700 qui
1083 598 1317 703 reperientur
1334 593 1402 669 fint
1418 586 1589 699 ipsorum.

479 724 503 759 ‘³
578 708 655 785 Die
672 700 840 812 sequenti
871 732 928 801 24.
947 726 1136 779 remotum
1157 701 1227 780 fnit
1245 701 1362 778 altare
1382 703 1498 803 majus
1519 764 1529 799 ,
1557 698 1661 806 quod
1679 723 1759 776 erat
1777 705 1813 775 in

480 833 505 868 ²’
525 813 624 891 dicia
643 812 824 910 eeclesia,
843 810 906 888 ubi
925 835 1007 888 erat
1025 837 1099 887 una
1115 814 1254 918 porta[
1275 809 1322 885 fic
1344 807 1523 909 ]conelia
1542 804 1714 915 porsidea
1733 805 1815 883 lon.

486 940 508 975 ²’
523 948 597 1078 qa,
614 926 653 999 in
676 947 750 1026 qua
768 943 925 1027 reperta*
942 916 1093 996 fuerunt
1113 917 1239 994 multa:
1259 915 1422 1021 reliquiae
1442 982 1453 1015 ,
1485 914 1665 1023 potissime
1682 919 1721 989 in
1740 942 1816 991 uno

485 1049 509 1084 ”
524 1028 669 1107 racculo
689 1031 813 1106 Parmi
830 1027 896 1105 lini
914 1025 991 1103 albi
1017 1026 1065 1106 de
1090 1025 1271 1132 Reliquiis
1288 1022 1494 1100 multorum
1519 1027 1734 1129 Martyrum
1754 1087 1764 1120 ,
1784 1026 1817 1100 S.

487 1155 510 1192 ’³
528 1134 757 1245 Hippolyti,
774 1137 885 1214 Darii
905 1161 1040 1242 corpus
1056 1144 1093 1213 ὃ(
1109 1130 1316 1229 sociorum,
1335 1129 1399 1207 ubi
1416 1129 1468 1208 est
1483 1124 1618 1239 scripta
1636 1136 1673 1207 in
1690 1158 1818 1239 perga-

487 1263 512 1298 ’-'
533 1271 642 1321 mena
660 1244 707 1321 de
726 1242 829 1321 diuis
849 1242 1052 1348 Reliquiis,
1068 1271 1153 1318 eum
1175 1243 1538 1317 commemoratione
1556 1239 1721 1345 quodibi
1733 1268 1821 1315 con-

488 1370 512 1406 ’2
536 1352 622 1428 ditae
639 1348 790 1429 fuerunt
809 1376 875 1458 per
897 1352 1066 1426 Leonem
1090 1353 1166 1427 lX.
1187 1352 1251 1455 qui
1280 1346 1350 1424 fnit
1373 1370 1544 1453 ternpore
1566 1348 1727 1423 Henrici
1743 1350 1819 1426 VI.

489 1477 514 1513 ’²
538 1485 647 1560 1049.
665 1486 752 1533 cum
770 1456 939 1536 multisl}
968 1452 1040 1531 isco
1069 1460 1096 1531 is
1114 1465 1151 1534 &
1169 1453 1431 1533 Cardinalibus
1445 1459 1551 1531 :item
1565 1448 1821 1531 inaliosaccu-

490 1586 514 1622 ’2
537 1566 575 1643 lo
593 1563 758 1643 similiter
775 1564 902 1664 line0,
921 1485 969 1641 <si
989 1484 1171 1671 Reliquus
1194 1562 1354 1639 aliorum
1375 1566 1612 1668 Martyrum,
1632 1588 1717 1637 cum
1736 1566 1822 1637 inti-

489 1692 514 1729 ”
536 1670 721 1752 tulatione
740 1681 778 1750 ὅ(
801 1676 1066 1750 inventarium
1083 1671 1215 1748 charta
1232 1668 1476 1748 membrana:
1493 1674 1584 1746 item
1609 1672 1648 1745 in
1662 1668 1737 1745 alio
1747 1665 1821 1745 sac.

490 1800 515 1838 ”
539 1780 625 1858 culo
646 1779 725 1857 alie
746 1778 929 1885 Reliquiae
949 1778 1156 1855 multorum
1169 1782 1659 1880 Sanslorumfflllartyrum
1674 1776 1825 1853 smeno-

493 1908 517 1943 ”
540 1893 640 1966 mine
665 1923 673 1963 ι
700 1892 790 1964 item
817 1891 855 1962 in
874 1913 948 1962 una
971 1880 1117 1993 capsula
1143 1885 1269 1992 lignea
1287 1949 1297 1983 ,
1316 1885 1364 1962 de
1385 1882 1612 1961 vestimentis
1627 1888 1826 1993 S.Joannis

493 2015 517 2051 ‘³
542 1992 711 2103 Baptistae
728 2060 739 2093 ,
759 2021 876 2070 unum
896 2023 937 2070 os
956 1990 1065 2070 {anui
1086 1991 1246 2108 Philippi
1264 1996 1379 2068 :item
1398 1994 1435 2066 in
1454 1989 1622 2097 quodam
1644 1990 1826 2069 busloleto

494 2122 518 2157 ‘³
541 2128 658 2211 parvo
677 2101 725 2178 de
743 2100 968 2179 vestimentis
986 2099 1125 2177 Christi
1141 2098 1360 2176 inlutilibus:
1377 2103 1414 2176 in
1453 2098 1590 2175 uadam
1603 2095 1827 2207 capsulalig.

495 2230 519 2263 ‘³
543 2236 613 2288 nea
628 2208 784 2317 parvula
801 2207 927 2284 multa:
947 2208 1131 2314 Reliquiae
1147 2212 1185 2284 in
1206 2211 1337 2314 pannis
1352 2125 1529 2283 involuta:
1540 2272 1550 2302 ,
1562 2206 1610 2284 de
1621 2205 1724 2314 ligno
1736 2209 1830 2284 Cru-

496 2336 520 2371 ’2
544 2323 621 2414 eis,
641 2316 689 2394 de
709 2321 731 2394 S
760 2320 873 2423 origia
892 2315 1049 2412 Christi,
1064 2314 1113 2392 de
1132 2314 1354 2393 vestimento
1372 2319 1494 2391 Beata
1504 2318 1669 2421 Virginis
1685 2319 1830 2409 Maria,

497 2445 521 2478 ’³
545 2434 582 2502 δε
599 2425 647 2501 de
667 2345 792 2499 mullis
812 2421 993 2529 Reliquiis
1009 2423 1167 2499 aliorum
1188 2427 1406 2500 Samiorum
1427 2460 1435 2498 ι
1461 2427 1551 2499 item
1582 2419 1766 2528 Reliquiae
1798 2427 1832 2499 S.

498 2552 524 2586 ’³
547 2530 724 2638 Stephani
741 2536 919 2637 Martyris
936 2596 946 2629 ,
966 2531 1014 2607 de
1033 2556 1133 2607 terra
1150 2527 1306 2637 sepulcri
1325 2528 1484 2626 Christi,
1501 2527 1561 2604 vel
1573 2534 1696 2605 Beata
1708 2534 1833 2637 Virgi-

499 2657 525 2695 n
547 2645 612 2717 nis.
649 2640 820 2715 Demum
842 2642 881 2714 in
900 2664 975 2714 una
994 2637 1141 2743 capsula
1167 2636 1410 2745 longitudinis
1438 2636 1599 2713 duorum
1619 2636 1834 2743 palmorum

500 2766 527 2801 ’²
550 2775 636 2825 cum
652 2746 810 2822 dimidio
830 2754 867 2823 &
886 2745 1091 2823 latitudinis
1113 2750 1219 2821 unius
1235 2744 1351 2852 palmi
1370 2772 1457 2820 cum
1475 2743 1663 2841 dimidio,
1682 2742 1835 2821 fuerunt

502 2872 527 2910 ’2
549 2860 704 2932 inventa
721 2852 794 2930 olla
812 2850 923 2929 sancii
941 2850 1106 2959 Agabyti
1125 2852 1194 2951 (sic
1206 2861 1241 2952 l3
1260 2880 1341 2959 qua:
1360 2855 1489 2928 omnia
1507 2850 1659 2928 fuerunt
1674 2851 1820 2959 repom„

503 2981 528 3017 ’³
552 2968 588 3038 in
609 2963 706 3039 dicia
723 2962 871 3038 concha
889 2960 1059 3067 porfidea
1075 2958 1138 3036 ubi
1156 2965 1255 3067 prius
1274 2983 1409 3050 erant,
1431 2967 1469 3036 ἃ
1489 2960 1586 3036 dicia
1603 2958 1751 3034 concha
1767 2958 1836 3035 fuit

504 3088 531 3123 ‘²
553 3069 669 3177 pofita
692 3076 729 3144 in
745 3069 898 3145 ecclesia
915 3064 1023 3145 saneti
1043 3070 1191 3173 Cyriaci
1207 3133 1217 3165 ‚
1236 3066 1297 3143 ubi
1316 3066 1538 3144 destinatum
1563 3065 1615 3143 est
1629 3065 1708 3142 lieri
1721 3066 1838 3142 altare

505 3194 531 3230 n
554 3180 671 3281 majus
690 3243 700 3273 ,
720 3186 757 3254 ἃ
777 3176 826 3253 ibi
845 3180 1005 3254 retinere
1025 3204 1110 3252 cum
1130 3174 1342 3252 custodibus
1362 3241 1372 3271 ,
1391 3183 1428 3251 ἃ
1448 3170 1522 3249 ossa
1540 3170 1651 3249 sanan
1673 3173 1838 3281 A'gabyti

506 3303 531 3337 ’²
554 3307 662 3361 erant
680 3282 849 3359 involuta
868 3287 905 3359 in
923 3312 998 3358 uno
1016 3311 1142 3389 panno
1161 3348 1172 3381 ‚
1191 3312 1277 3359 cum
1297 3283 1428 3359 litteris
1444 3278 1584 3387 scriptis
1603 3286 1641 3355 in
1652 3280 1839 3356 unalami-

507 3410 531 3445 ‘³
553 3419 602 3468 na
622 3389 1180 3497 plumbi,dicentibumlstudest
1192 3404 1321 3487 Corpus
1331 3401 1368 3470 S.
1377 3389 1546 3489 Aualyti.
1567 3388 1660 3485 (lic)

609 3502 750 3574 Areum
771 3498 832 3574 ln'c
851 3522 1101 3575 memoratum
1122 3502 1183 3572 vix
1201 3496 1334 3573 dubito
1353 3493 1454 3574 fuiffe
1468 3489 1607 3571 llrcum
1619 3524 1759 3571 novum
1771 3562 1782 3594 ‚
1794 3496 1841 3573 sic

554 3632 691 3711 nempe
713 3606 850 3681 ditium
868 3604 1020 3685 allusu.
1039 3608 1145 3684 Nam
1165 3604 1213 3682 de
1232 3630 1320 3680 areu
1333 3604 1382 3681 ad
1402 3608 1434 3681 S.
1447 3608 1610 3681 Mariam
1621 3607 1658 3679 in
1668 3608 1742 3681 Via
1753 3603 1843 3701 lata,

556 3718 609 3790 ait
627 3712 774 3789 Fulvius
794 3749 803 3789 ι
825 3721 933 3809 Cujus
951 3739 1146 3790 curamenta
1164 3742 1351 3789 marmorea
1373 3725 1444 3787 erui
1467 3736 1571 3811 utaper
1596 3711 1748 3786 uidimus
1768 3741 1841 3786 erun

559 3819 712 3921 trophaeis
728 3819 935 3919 barbaricis,
955 3820 1050 3896 haud
1062 3821 1161 3897 dubie
1175 3825 1382 3920 posteriorum
1400 3817 1458 3921 effe
1474 3834 1719 3919 [uapulauerant
1738 3850 1780 3893 cr
1793 3850 1841 3892 or·-

560 3952 644 4003 natu
661 3950 811 4029 apparet.
831 3927 1037 4005 Marlianus
1057 3955 1147 4004 vero
1164 3926 1297 4004 eadem
1318 3924 1610 4035 ipsaconsirmat.
1633 3939 1841 4026 Prosecutu-

561 4034 636 4109 dem
656 4038 785 4131 adem,
809 4040 929 4141 inquit
948 4036 1126 4141 ‚reliquiae
1144 4064 1240 4112 arcus
1258 4033 1475 4137 triumphalis
1494 4032 1584 4133 storto
1603 4035 1647 4106 ab
1664 4042 1740 4110 sinc
1757 4062 1845 4109 uitato

554 4141 636 4250 fiant
651 4147 712 4244 effu
738 4174 790 4231 ιτ,
808 4144 981 4248 inquibus
998 4143 1109 4252 inuste
1123 4167 1219 4219 crant
1232 4155 1399 4251 imagines
1414 4136 1599 4229 Ilisso-ite,
1616 4138 1660 4229 Q?
1670 4162 1816 4240 tropum
1832 4176 1844 4214 .·

563 4280 607 4325 ex
626 4255 718 4345 cujus
733 4256 847 4326 Arcus
861 4251 1067 4358 titscriptionc
1084 4250 1143 4327 hoc
1161 4258 1296 4329 tantam
1312 4252 1380 4358 legi
1392 4271 1546 4352 poterut:
1566 4259 1644 4327 VO
1657 4258 1756 4327 TIS
1784 4260 1843 4325 X.

565 4354 609 4445 (a
628 4368 704 4436 VO
719 4366 822 4435 TIS
843 4370 955 4435 XX.
982 4362 1078 4463 Qlae
1103 4353 1291 4466 inscriptio
1308 4424 1318 4454 ,
1337 4383 1379 4434 ut
1397 4380 1537 4434 norunt
1558 4358 1609 4430 rei
1628 4359 1847 4431 nummaria:

564 4467 704 4570 periti,
725 4459 896 4539 saeculum
921 4464 1272 4541 Constantinianum
1292 4465 1397 4561 olet,
1416 4468 1741 4568 recentiorumque
1769 4462 1848 4538 aliis

553 4572 738 4648 'omnibus
757 4576 796 4647 in
815 4575 889 4647 Via
908 4571 983 4648 lata
1000 4577 1218 4650 memoratis
1239 4598 1262 4648 a
1281 4572 1385 4651 Rufo
1407 4572 1587 4669 arculam,
1606 4572 1748 4648 indicat
1762 4615 1770 4667 3
1784 4572 1848 4675 qni

566 4680 723 4785 proinde
743 4683 862 4757 Arcus
883 4706 999 4757 novus
1014 4675 1151 4759 censeri
1170 4679 1319 4759 debeat.
1345 4684 1451 4759 Nam
1468 4686 1507 4757 in
1526 4686 1599 4763 Via
1622 4679 1699 4759 lata
1718 4703 1849 4754 reeen-

1725 4781 1851 4863 lentur
