4060 5700
849 471 978 598 Caput
981 463 1189 601 ficundum
1660 520 1694 573 ῃ

398 597 549 714 ngrcllu
566 602 739 682 conclave
753 604 914 708 amplum
931 629 974 677 ac
1013 604 1171 681 maltum
1190 600 1294 682 culos
1305 599 1415 681 libros
1427 608 1708 714 complebitur,¹

397 713 609 790 ntcrmixtis
628 708 845 817 paucissimis
857 632 1119 814 manusciiptis.
1150 718 1196 791 Et
1212 713 1235 788 fi
1255 738 1376 789 autem
1394 711 1441 790 ad
1457 714 1696 825 quadraginta

389 816 507 897 ferme
524 822 640 897 millia
658 819 1118 920 librorumcompledatur,
1137 817 1311 897 destituta
1331 846 1455 897 tamen
1476 826 1575 901 libris
1596 829 1696 901 mul·

388 928 435 1005 tis
458 923 720 1032 pernecessariis
738 926 810 1023 est,
831 923 1116 1006 &editionibus
1143 929 1292 1005 Pactum
1310 931 1609 1009 accuratioribus.
1631 932 1695 1009 Ab

389 1058 552 1111 extremo
575 1034 812 1113 Bibliotheca
838 1036 989 1111 intratur
1009 1036 1046 1110 in
1066 1034 1287 1139 peristylium
1306 1034 1371 1113 ubi
1393 1038 1519 1114 icones
1544 1034 1696 1143 depislae

391 1141 581 1219 illustrium
594 1144 753 1220 virorum
769 1166 882 1245 ‚quot
897 1144 958 1219 vix
970 1138 1124 1245 usquam
1135 1142 1449 1221 simuloccurrant.
1466 1146 1508 1221 In
1527 1148 1695 1222 conclavi

389 1245 424 1321 se
455 1252 554 1325 uenti
572 1249 731 1353 supellex
748 1248 868 1325 similis
881 1249 1015 1342 visitur,
1034 1246 1188 1355 indeque
1201 1254 1351 1327 intratur
1370 1254 1405 1325 in
1425 1251 1526 1327 aliud
1545 1256 1694 1358 plenum

388 1274 576 1434 cddicibus
589 1355 1107 1461 Arabicis‚Copticis,Syriacis
1120 1370 1189 1436 &c
1201 1385 1242 1434 ac
1252 1358 1583 1436 maximcomuium
1596 1363 1700 1438 Grac-

389 1463 455 1557 cis,
477 1473 514 1542 δι
533 1465 682 1541 Latinis.
701 1464 936 1569 Comportati
952 1488 1078 1540 autem
1094 1463 1182 1540 istuc
1200 1459 1302 1540 suere
1314 1491 1357 1540 ex
1371 1461 1566 1562 Tlrcss'alia,
1580 1468 1693 1562 Chio,

387 1594 434 1643 ex
456 1572 630 1674 Corcyra,
648 1572 808 1678 Japygia,
826 1582 864 1650 δι
881 1596 1013 1679 magna
1028 1571 1168 1648 Graecia
1187 1636 1197 1668 ,
1218 1571 1426 1648 curantibus
1446 1576 1603 1649 maxime
1622 1576 1695 1651 Ol·

389 1675 505 1784 giaco,
526 1679 672 1755 Pinello
690 1689 728 1757 dc
744 1679 833 1754 aliis.
857 1677 1051 1784 Qntum
1073 1704 1135 1780 per
1154 1681 1327 1784 temporis
1350 1678 1570 1758 brevitatem
1588 1682 1696 1757 licuit

388 1807 465 1859 non
486 1783 724 1890 spernendam
740 1810 886 1890 operam
905 1790 947 1861 iis
971 1782 1189 1890 indagandis
1210 1812 1396 1864 navamus.

442 1891 671 1997 Comparent
693 1893 807 1969 Biblia
830 1892 1015 1970 Hebra'ica
1036 1919 1118 1969 cum
1134 1920 1221 1972 nota
1244 1894 1409 1999 sequenti
1433 1892 1469 1967 in
1492 1892 1586 1990 fine,

388 2031 514 2086 marui
531 2004 611 2084 anab
629 2028 666 2100 ru
687 2028 747 2084 nau
762 2003 914 2085 tabutas·
930 2033 1039 2085 narius
1057 2002 1162 2083 roban
1195 2033 1204 2077 ι
1237 1997 1281 2077 Id
1308 2000 1358 2075 cst
1382 2061 1394 2097 ,
1428 1999 1587 2104 Absoluta
1606 1997 1698 2102 fient
1731 2010 1796 2099 riae
1813 2013 1923 2083 inno

388 2106 504 2185 Biblia
526 2113 663 2215 Hispali
679 2137 857 2198 annoaso.
878 2108 1078 2189 derectione
1099 2107 1234 2187 mundi.
1254 2113 1349 2209 Quae
1368 2108 1578 2210 supputatio
1596 2108 1620 2184 sl
1638 2135 1694 2184 ac·
1708 2086 1814 2166 ΨΜ

387 2240 513 2293 curata
524 2217 578 2315 sit,
595 2216 798 2297 admodum
810 2245 996 2296 recentem
1011 2217 1179 2297 codicem
1190 2213 1354 2313 denotat,
1366 2239 1476 2319 quem
1497 2217 1619 2323 magni
1640 2211 1697 2293 fa·

387 2319 509 2400 ciunt:
530 2350 615 2411 nam
633 2325 685 2404 est
703 2353 822 2404 annus
845 2325 981 2405 Christi
1007 2357 1106 2429 1590.

389 2429 509 2506 Biblia
530 2431 754 2510 Samaritana
785 2435 1030 2537 antiquissima
1060 2486 1072 2519 ,
1105 2460 1214 2535 quam
1232 2430 1392 2507 minimae
1415 2418 1542 2507 formae
1563 2429 1601 2507 in
1621 2450 1695 2509 120.

388 2534 484 2613 Haec
499 2535 601 2635 saud,
621 2539 643 2617 fi
665 2540 722 2618 cui
743 2566 906 2636 vacaret,
919 2543 1055 2618 vellem
1067 2541 1210 2633 ,collata
1227 2564 1312 2613 cum
1330 2533 1453 2611 editis.

441 2642 558 2721 Biblia
580 2647 720 2751 Syriacd
748 2649 951 2724 charadere
970 2649 1033 2751 qui
1054 2645 1189 2722 dicitur
1209 2640 1442 2749 Estranghelos
1465 2643 1692 2748 perantiqua.

443 2752 681 2858 Polyglotton
703 2756 864 2831 Aciuum
880 2755 1136 2858 Apostolorum
1168 2764 1206 2830 δι
1232 2748 1468 2855 Epistolarum
1498 2753 1603 2825 Pauli
1632 2754 1696 2828 lin.

389 2882 462 2962 gua
483 2862 662 2957 Armena,
687 2862 859 2955 Arabica,
886 2863 1067 2965 Coptica,
1090 2860 1320 2961 AEthiopica‚
1348 2880 1409 2958 per
1429 2857 1621 2934 columnas
1642 2856 1695 2933 di·

389 2964 526 3068 gestum
537 3003 547 3051 ς
560 2990 749 3045 contextus
760 2971 942 3044 Armenus
957 2995 1033 3044 non
1052 2967 1222 3072 pertingit
1241 2959 1424 3038 adfinem.

441 3069 576 3149 Codex
596 3072 778 3150 Arabicus
799 3071 913 3153 dietus
934 3089 1082 3161 camus,
1106 3098 1279 3176 perrarus.

447 3179 619 3282 Qatuot
647 3182 846 3287 Evangelia
877 3178 1030 3280 Graecb,
1051 3180 1169 3257 codex
1190 3177 1486 3255 membranaceus
1505 3208 1541 3261 x.
1565 3174 1693 3254 saeculo

388 3281 631 3389 conscriptus.

445 3390 580 3468 Codex
596 3394 686 3469 alius
707 3395 856 3472 Graecus
873 3421 1014 3500 partem
1031 3396 1234 3475 Bibliorum
1252 3391 1504 3494 compledlitur
1518 3415 1693 3467 annorum

390 3496 535 3573 circiter
555 3500 679 3597 mille,
702 3498 861 3578 rotundo
882 3505 1058 3579 caradcre
1077 3501 1233 3585 unciali;
1253 3496 1356 3602 quod
1381 3495 1540 3574 dicimus
1557 3523 1599 3574 ut
1621 3494 1695 3573 dis·

391 3601 611 3709 tinguaturd
629 3606 829 3684 characictc
847 3608 1014 3715 oblongo
1040 3635 1082 3684 ac
1099 3606 1255 3702 deflexo,
1278 3631 1349 3708 qua
1375 3601 1421 3678 de
1445 3630 1482 3681 rc
1506 3602 1571 3681 suo
1599 3607 1700 3710 loc04

391 3711 513 3813 Hujus
532 3737 702 3790 accentus
714 3717 831 3819 prima
842 3741 955 3792 manu
965 3713 1161 3822 conscripti
1174 3713 1268 3792 sunt.
1281 3707 1414 3791 Codex
1429 3711 1468 3787 in
1479 3739 1617 3821 magno
1628 3703 1696 3787 sol.

391 3816 563 3897 columnd
580 3818 726 3924 triplici.
1424 3867 1427 3871 -

444 3925 573 4003 Codex
600 3953 756 4033 quatuor
779 3930 1062 4038 Evangeliorum
1083 3927 1212 4007 saeculo
1233 3954 1271 4005 x.
1299 3927 1340 4002 In
1368 3925 1442 4002 alio
1468 3926 1633 4031 Epistola
1659 3922 1694 3999 S.

390 4033 496 4108 Pauli
524 4029 601 4110 sac.
627 4060 692 4117 xi.
720 4034 944 4135 Huiusmodi
975 4032 1120 4113 codices
1148 4032 1417 4112 membranacei
1447 4035 1541 4138 paris
1579 4029 1697 4108 aetaris

391 4134 516 4238 passim
536 4166 733 4224 occurrunt
753 4144 791 4218 in
812 4141 924 4219 isthac
942 4143 1185 4220 bibliotheca.

390 4255 414 4313 Γ·
433 4242 565 4324 Codex
585 4248 662 4352 plus
678 4250 778 4324 mille
803 4275 983 4325 annorum
999 4248 1136 4328 habens
1156 4275 1296 4355 partem
1322 4248 1467 4330 Veteris
1487 4244 1692 4324 Testamen-

392 4348 420 4424 ti
439 4352 639 4432 charadlerc
657 4358 805 4432 unciali.

393 4563 424 4642 E
446 4457 579 4538 Codex
603 4464 691 4538 alius
716 4459 1015 4541 membranaceus
1034 4492 1072 4542 x.
1099 4463 1176 4544 saec.
1203 4462 1402 4544 Proverbia
1428 4458 1631 4535 Salomonis
1658 4467 1697 4536 δε

426 4566 671 4645 cclefiasticus.

432 4670 569 4786 Josepbi
586 4703 736 4783 operum
757 4679 871 4758 Tom.
896 4704 930 4760 2.
946 4676 1123 4784 incipiens
1146 4674 1166 4755 {a
1185 4676 1281 4755 libro
1298 4701 1329 4752 x
1341 4701 1368 4753 r.
1384 4672 1697 4860 memlqranaceus·

1528 4809 1551 4883 ¹l
