4414 5692
1028 527 1152 637 Caput
1178 514 1419 639 oiqefimnm.
1792 560 1873 641 297

582 638 761 720 ‘irriserant
779 706 789 741 ,
809 644 961 750 triginta
980 612 1290 742 videncetjuullu
1315 638 1509 719 sextercias
1523 648 1560 719 ὃ(
1578 668 1715 748 equum
1736 669 1872 723 areum

588 776 657 857 pro
676 756 858 828 memoria
877 749 1099 825 deauratum
1121 756 1158 824 &
1175 748 1249 827 sine
1268 744 1354 826 sella
1373 813 1384 846 ,
1404 742 1479 856 ipso
1503 746 1658 858 delirper
1676 751 1871 849 residente,

581 854 738 935 *extensa
755 885 867 935 manu
888 852 1043 933 dextera
1061 883 1142 961 qua:
1162 879 1313 963 ceperat
1330 862 1498 966 Regem:
1517 863 1554 934 in
1567 862 1785 966 capiteequi
1797 886 1871 937 me-

588 970 748 1041 moriam
768 968 955 1041 coconaiae
973 1028 984 1061 ,
1002 960 1051 1038 ad
1069 965 1171 1069 cujus
1188 988 1341 1041 cantum
1362 970 1551 1044 vinorum
1572 965 1731 1045 fecerat:
1755 963 1868 1074 ipsum

585 1098 739 1253 petoque
760 1076 907 1183 Regem
920 1073 982 1180 qui
1000 1097 1117 1179 parva
1135 1070 1292 1181 persona
1304 1070 1425 1151 fiierat
1435 1098 1537 1152 retro
1553 1074 1674 1183 ligatis
1685 1075 1867 1170 manibus,

601 1210 610 1253 l

615 1184 689 1255 cuti
709 1207 796 1260 eum
814 1205 991 1292 ceperat,
1013 1183 1043 1236 ²⁸
1055 1175 1119 1258 sub
1136 1180 1275 1292 ungula
1285 1187 1371 1289 equi
1380 1183 1648 1262 memorialiter
1660 1182 1865 1262 destinave-

586 1312 683 1366 runt.

680 1504 994 1618 eriterfhtlum
1002 1507 1051 1613 fit
1068 1507 1227 1610 templum
1235 1505 1436 1607 Pantheon,
1447 1509 1539 1615 quod
1552 1510 1768 1588 nnncdin'rar

982 1614 1109 1723 fiznt‘la
1127 1628 1262 1699 Marta
1278 1616 1450 1696 Rotunda.

634 1834 828 1937 Tempore
849 1827 1053 1908 Consulum
1069 1839 1107 1910 &
1126 1835 1375 1930 Senatorum,
1392 1832 1560 1941 Agrippa
1579 1830 1768 1940 prafeelus
1786 1834 1865 1914 lub-

581 1937 724 2046 jugavit
742 1944 920 2018 Romano
942 1943 1090 2018 Senatui
1106 1945 1275 2037 Suevos,
1296 1944 1458 2019 Saxones
1477 1951 1515 2018 ὅ(
1531 1939 1623 2017 alios
1639 1943 1868 2022 Occidenta-

583 2046 635 2122 les
655 2046 842 2153 populos,
863 2074 953 2123 »cum
972 2071 1134 2154 quatuor
1149 2047 1368 2154 legionibus.
1395 2051 1439 2125 In
1460 2051 1562 2153 eujus
1581 2050 1787 2131 reversione
1799 2057 1866 2128 tin-

584 2152 820 2229 tinnabulum
839 2153 964 2230 statua
984 2152 1153 2260 perlida,
1171 2181 1251 2260 quae
1269 2158 1406 2231 eratin
1426 2155 1617 2263 Capitolio
1640 2153 1799 2254 ,sonuit
1824 2164 1866 2237 lu

584 2283 661 2336 rem
675 2259 729 2335 ilo
741 2262 844 2366 Jovis
864 2269 901 2336 ὃ(
920 2266 1086 2338 Moneta
1108 2256 1385 2369 uniuscujusque
1402 2267 1509 2370 regni
1524 2263 1779 2342 eratstatuain
1792 2266 1865 2343 Ca-

585 2288 717 2473 pitolio
738 2395 823 2444 cum
841 2367 1093 2445 tintinnabulo
1113 2368 1162 2445 ad
1181 2367 1323 2447 collum
1342 2368 1488 2447 :statim
1508 2394 1550 2447 ut
1564 2366 1718 2449 sonabat
1737 2377 1864 2450 tintin-

585 2473 762 2551 nabulum
785 2539 795 2573 ,
815 2472 1110 2583 cognoscebatur
1124 2476 1217 2553 illud
1236 2504 1394 2586 regnum
1414 2470 1483 2556 elle
1503 2476 1642 2557 rebelle
1657 2515 1664 2556 :
1677 2484 1777 2585 eujus
1793 2483 1863 2557 tin-

584 2582 819 2659 tinnabulum
838 2584 990 2660 audiens
1009 2579 1199 2682 sacerdos,
1217 2588 1278 2689 qui
1300 2607 1380 2661 erat
1397 2589 1434 2661 in
1450 2566 1645 2692 lpeculoin
1658 2586 1863 2666 hebdoma-

582 2691 633 2766 da
653 2688 711 2766 lua
729 2755 739 2789 ,
758 2693 943 2767 nuntiavit
958 2689 1200 2767 Senator-ibus
1220 2735 1229 2789 5
1248 2696 1443 2770 Senatores
1460 2718 1585 2771 autem
1599 2693 1695 2770 bant
1707 2694 1863 2805 legatio.

582 2825 670 2875 nem
689 2796 860 2905 prafeeto
880 2799 1053 2906 Agrippa:
1071 2791 1324 2905 imposuerunt
1343 2863 1353 2897 ,
1371 2803 1433 2905 qui
1452 2801 1657 2907 previdens
1676 2832 1752 2879 non
1764 2801 1864 2911 polle

583 2929 730 2982 tantum
757 2908 981 3013 negotium,
1007 2903 1161 2983 tandem
1182 2911 1369 2985 convietus
1393 2911 1499 3013 petiit
1527 2906 1719 2986 confilium
1748 2916 1861 2987 trium

584 3014 728 3090 dierum
750 3077 760 3111 ,
784 3017 820 3088 in
846 3041 1007 3117 qtiorum
1027 3017 1188 3091 termino
1201 3013 1377 3119 ‘quadam
1393 3019 1501 3092 noete
1518 3042 1564 3092 ex
1585 3020 1700 3092 nimio
1721 3024 1862 3127 cogita.

583 3146 623 3197 tu
643 3120 895 3216 obdormivit,
910 3126 1154 3227 apparuitque
1174 3125 1208 3197 ei
1227 3119 1366 3197 femina
1382 3150 1461 3227 qua’
1473 3126 1564 3199 aitei
1578 3159 1585 3199 ι
1597 3125 1762 3232 Agrippa
1774 3125 1864 3231 quid

583 3233 658 3335 agis
678 3251 688 3303 ‚²
705 3233 741 3303 in
767 3256 905 3335 magno
924 3233 1090 3335 rogitatu
1110 3255 1156 3304 es.
1177 3233 1254 3336 Qri
1274 3224 1464 3336 respondit
1484 3236 1517 3309 ei
1537 3296 1546 3325 ,
1566 3227 1641 3307 lum
1661 3236 1829 3308 Domina
1853 3279 1862 3330 3

584 3364 665 3442 qua·
684 3335 777 3410 dixit
794 3400 804 3433 ,
824 3333 1073 3434 Conliutare,
1093 3339 1318 3444 &promitte
1339 3335 1430 3412 milii
1447 3337 1628 3446 templum
1651 3363 1686 3416 te
1699 3337 1767 3417 elle
1787 3338 1862 3416 fae-

584 3468 708 3519 turum
729 3508 739 3540 ,
760 3442 869 3549 quale
891 3442 956 3518 tibi
977 3443 1134 3521 ostendo
1152 3452 1189 3522 &
1209 3444 1295 3520 dico
1313 3444 1408 3542 tibi,
1432 3445 1479 3520 lic
1503 3452 1572 3522 eris
1589 3451 1754 3524 vielurus.
1787 3453 1865 3554 Qu

583 3557 654 3626 air:
674 3555 820 3627 Fauiam
842 3554 1012 3627 Domina
1029 3616 1038 3647 ,
1078 3580 1130 3627 ua
1149 3554 1186 3626 in
1205 3550 1269 3626 illa
1286 3550 1422 3628 vilione
1443 3552 1605 3628 ostendit
1627 3556 1660 3629 ei
1681 3554 1865 3661 templum

584 3686 618 3733 tn
641 3656 737 3733 liunt
759 3658 925 3733 rutulum.
956 3663 1032 3765 Qu
1050 3581 1166 3755 lixit,
1181 3662 1352 3736 Domina
1370 3687 1449 3763 quae
1462 3683 1501 3734 tu
1513 3667 1678 3767 es?Qae
1698 3668 1766 3738 ait:
1787 3667 1864 3770 Ego

583 3765 660 3840 lum
681 3762 843 3857 Cybeles
861 3790 980 3841 mater
1001 3765 1185 3863 deorum,
1210 3764 1266 3843 fer
1294 3764 1472 3841 libamina
1494 3772 1680 3873 Neptuno
1698 3834 1708 3866 ,
1729 3774 1792 3876 qui
1813 3770 1865 3847 est

585 3862 738 3979 magnus
759 3872 849 3948 deus
869 3936 878 3969 ,
899 3877 960 3976 qui
981 3896 1016 3948 te
1033 3873 1209 3976 adjuvet:
1236 3874 1309 3949 boc
1330 3872 1512 3978 templum
1534 3873 1592 3949 fac
1619 3874 1787 3952 dedicari
1816 3877 1865 3953 ad

586 3980 768 4056 bonorem
782 4007 905 4055 meum
919 3989 955 4054 ἃ
966 3984 1150 4086 Neptuni,
1163 3984 1248 4085 quia
1259 4003 1383 4055 tecum
1397 3984 1531 4057 erimus
1542 3986 1721 4061 &vinces
1735 3986 1865 4092 Agrip-

583 4118 630 4199 pa
648 4115 736 4164 vero
755 4081 900 4193 surgens
918 4086 1018 4163 latus
1039 4087 1112 4163 lroc
1131 4091 1303 4163 recitavit
1321 4090 1357 4162 in
1383 4092 1545 4187 Senatu,
1566 4099 1603 4166 ἃ
1623 4119 1864 4198 cummagno

583 4219 762 4304 apparatu
780 4222 955 4270 rnauuum
976 4204 1013 4271 &
1032 4201 1180 4271 navium
1201 4204 1238 4272 &
1255 4223 1339 4270 cum
1358 4200 1522 4302 quinque
1542 4196 1866 4305 legionibusivit&

587 4310 672 4381 vitit
692 4330 820 4379 trrrrnes
838 4297 979 4398 Potin,
998 4311 1032 4378 ἃ
1054 4299 1170 4408 poluit
1189 4330 1250 4380 eos
1266 4301 1476 4380 annualiter
1495 4299 1862 4384 lirim-iburoltoma.

584 4442 619 4491 m
641 4410 802 4490 Senatus.
836 4408 1001 4485 Rediens
1019 4415 1184 4487 Romani
1208 4410 1296 4487 feeit
1316 4410 1390 4485 lroe
1410 4414 1613 4520 templum,
1634 4422 1670 4489 δέ
1689 4412 1861 4489 aedificari

583 4524 672 4600 feeit
689 4518 736 4593 ad
755 4516 938 4592 bonorem
961 4516 1121 4622 Cybeles
1144 4523 1270 4593 mauis
1290 4518 1448 4596 deorum
1467 4530 1503 4597 ἃ
1520 4524 1689 4627 Neptuni
1708 4519 1768 4596 dei
1788 4548 1863 4597 ma-

585 4634 651 4706 rini
681 4636 718 4703 S'
743 4628 911 4700 omnium
930 4624 1087 4703 deorum
1109 4662 1116 4702 :
1139 4634 1176 4701 Se
1203 4624 1319 4732 poluit
1339 4626 1424 4703 lunc
1444 4626 1585 4732 templo
1607 4655 1746 4705 nomen
1764 4630 1859 4704 Pan-

582 4741 728 4828 duon,
758 4731 802 4807 ad
824 4732 1009 4812 bonorem
1030 4738 1130 4839 eujus
1151 4735 1312 4841 Cybeles
1326 4733 1416 4814 icen
1438 4732 1594 4812 statuam
1619 4736 1859 4837 deauratam,

1634 4846 1697 4951 Pr
