4414 5692
902 504 1024 618 Caput
1048 490 1237 581 decimum
1254 490 1451 581 oldavtrm.
1732 542 1753 594 2
1757 544 1804 621 57

520 620 662 700 eminet
679 619 743 698 illa
765 616 970 700 Caracalla
991 662 1001 715 3
1023 621 1118 724 paris
1134 616 1326 724 elegantia
1350 620 1387 693 in
1404 614 1528 714 Urbe,
1547 623 1584 695 &
1602 617 1755 702 foetellis
1765 634 1802 705 in

520 725 613 806 orbe
630 725 732 805 nulla
749 763 757 805 :
774 737 812 805 ἃ
830 750 957 803 tamen
974 722 1070 800 facia
1092 723 1145 802 est
1164 752 1250 801 cum
1274 751 1295 799 a
1313 722 1466 831 pristino
1490 720 1685 832 splendore
1706 757 1802 812 artes

522 836 656 913 Roma
675 833 917 913 declinarent.
935 835 1006 910 His
1015 858 1084 939 pro
1095 829 1261 909 instituto
1271 830 1397 909 nostro
1409 832 1524 931 millis,
1535 858 1580 911 ea
1589 829 1706 913 solum
1715 865 1801 946 pro.

520 937 671 1017 ferimus
681 969 761 1049 qua·
772 939 969 1018 Flaminius
980 935 1230 1040 recenset,vel
1242 936 1490 1048 ipsanovitate
1500 938 1694 1048 placitura.

571 1050 599 1123 F
612 1073 633 1125 L
647 1074 675 1124 a
686 1077 717 1126 ur
734 1076 882 1129 1N1Us
908 1053 982 1127 Vn
997 1074 1020 1127 c
1034 1074 1058 1125 c
1071 1076 1109 1146 n.
1134 1051 1405 1128 Renuntiatum
1416 1047 1507 1125 mihi
1519 1046 1609 1148 fuit,
1648 1079 1697 1127 uo
1709 1074 1802 1130 tem·
1825 1092 1846 1126 ιι

518 1179 612 1260 pore
628 1155 811 1233 Antonius
830 1156 878 1234 de
897 1159 1028 1233 Sancto
1047 1154 1164 1232 Gallo
1176 1154 1303 1263 palatii
1322 1155 1529 1233 Farnefiani
1549 1078 1798 1238 fundamenta
1823 1198 1845 1233 ιι

517 1260 677 1361 jaciebat
696 1328 706 1362 ,
727 1291 812 1341 cum
830 1262 962 1341 Paulus
980 1265 1044 1340 lll.
1064 1265 1165 1370 Papa
1185 1262 1393 1340 Cardinalis
1410 1259 1653 1361 adlaucellet,
1668 1274 1795 1345 &nm-
1821 1306 1844 1338 ιι

518 1393 631 1473 gnam
652 1370 776 1478 anguli
821 1397 939 1448 artem
958 1365 1076 1447 versus
1102 1375 1133 1448 S.
1155 1374 1432 1475 Hieronymum
1459 1367 1683 1450 exstruxisset
1705 1439 1715 1472 ,
1739 1373 1795 1449 lu.
1819 1413 1843 1446 ιι

520 1480 598 1551 xari
615 1503 658 1553 ac
679 1399 822 1555 diffindi
846 1474 990 1583 coepille
1011 1477 1197 1583 airgulum.
1225 1481 1327 1554 Tum
1344 1475 1554 1554 Cardinalis
1578 1481 1794 1578 Farnefius‚
1819 1518 1842 1552 ιι

520 1582 619 1686 eujus
655 1583 775 1661 eculio
786 1612 876 1692 opus
886 1581 1129 1681 excitabatur,
1144 1585 1407 1661 D.Antonium
1418 1581 1791 1687 objuruavit,atsrin.
1818 1625 1842 1659 ιι

519 1612 796 1768 consideranter
815 1688 949 1798 egillet.
981 1689 1088 1768 Nihil
1106 1694 1199 1795 juvit
1219 1692 1425 1767 Antonium
1438 1649 1794 1796 quodineretafun-
1817 1732 1840 1767 ιι

518 1795 695 1875 damenta
711 1798 852 1874 aedificii
872 1791 1038 1906 politillet
1054 1863 1063 1895 ‚
1080 1796 1181 1874 nulla
1198 1825 1273 1874 non
1292 1823 1371 1874 arte
1398 1797 1446 1873 ad
1463 1799 1540 1901 ejus
1565 1793 1791 1878 soliditatem
1817 1837 1839 1873 ιι

517 1897 628 1981 ulum.
651 1908 804 2013 Stirpem
822 1910 932 2013 igitur
951 1903 1012 1982 ille
1031 1914 1068 1981 ἃ
1086 1908 1212 1980 anxius
1226 1909 1339 1979 animi
1358 1969 1368 2002 ,
1394 1928 1525 2011 utpote
1542 1903 1676 1983 artifex
1696 1904 1789 1984 suin
1816 1947 1838 1979 ιι

519 2036 598 2084 mus
615 2075 624 2107 ,
642 2039 717 2116 quo
733 2008 875 2088 causam
895 2016 971 2087 vitii
992 2010 1186 2116 explorare
1205 2009 1360 2087 facultas
1375 2007 1480 2107 effer,
1493 2037 1643 2087 caveam
1655 2007 1790 2091 suban-
1814 2053 1836 2085 ιι

519 2114 607 2219 gulo
623 2117 778 2221 pecunia
797 2118 945 2224 propria
966 2116 1099 2192 conliei
1116 2117 1229 2220 julla,
1244 2140 1356 2222 atque
1376 2143 1421 2194 eo
1444 2112 1788 2196 leledeniitterasiii.
1814 2159 1837 2193 ιι

519 2226 620 2298 venit
640 2221 805 2299 cloacam
824 2230 1014 2328 antiquam
1033 2227 1071 2297 in
1092 2247 1193 2299 creta
1210 2222 1381 2300 statu-lam
1401 2222 1789 2332 latillimamque,que
1814 2267 1836 2299 ιι

518 2353 691 2445 acampo
716 2329 763 2407 de
779 2329 888 2407 Flore
909 2335 947 2406 in
964 2329 1133 2408 Tiberim
1152 2328 1343 2408 tendebat.
1366 2329 1524 2407 Posthac
1536 2356 1625 2407 vero
1641 2357 1688 2406 an
1699 2332 1787 2438 quis-
1813 2372 1837 2404 ιι

518 2440 616 2541 piam
634 2444 757 2514 ieeure
773 2463 815 2512 ae
835 2436 994 2515 fidenter
1012 2437 1270 2545 agat,etiamsr
1286 2441 1323 2514 in
1340 2436 1413 2543 ipit
1432 2462 1535 2515 creta
1545 2436 1789 2517 fundamenta
1813 2478 1835 2511 ιι

515 2568 655 2646 jecerit.
1812 2584 1835 2619 rr

570 2653 628 2728 fr
645 2678 875 2731 liniturus
907 2658 1054 2730 Vnec
1071 2680 1108 2730 n.
1141 2649 1333 2730 Narrabat
1359 2649 1449 2727 mini
1474 2655 1561 2726 anni
1581 2651 1687 2727 multi
1707 2649 1787 2729 sunt
1812 2691 1834 2724 ιι

517 2753 698 2866 litlaurgus
724 2759 874 2864 quidam
893 2824 903 2857 ,
920 2786 1030 2837 avum
1054 2756 1154 2835 suum
1175 2824 1185 2858 ‚
1203 2762 1264 2863 qni
1285 2783 1454 2864 tempore
1476 2761 1564 2833 Sixti
1585 2762 1650 2835 IV.
1671 2763 1787 2856 vixit,
1811 2798 1834 2830 ιι

517 2866 553 2939 in
571 2865 823 2943 Antoniniana
842 2864 965 2942 vidiffe
982 2864 1133 2942 insulam
1151 2891 1401 2941 marmoream
1418 2864 1617 2969 figurarum
1633 2865 1787 2971 pedibus
1812 2903 1834 2936 ιι

514 2969 723 3079 truncisque
744 3001 809 3048 eor
837 3001 942 3049 orum
961 2972 1127 3049 onustam
1150 3038 1158 3069 ,
1185 2996 1297 3076 atque
1324 2970 1498 3076 cymbam
1518 2975 1607 3046 item
1625 2998 1786 3046 manno-
1811 3010 1834 3043 ιι

517 3107 620 3158 ream
640 3145 649 3177 ,
670 3002 893 3177 vet-tordius,
913 3077 972 3156 sed
992 3081 1144 3186 diruptis
1164 3088 1200 3156 &
1216 3075 1570 3175 iiaiitilir‚refertaiii3
1593 3106 1673 3182 qua
1686 3107 1786 3182 eym-
1811 3117 1832 3148 ιι

517 3185 565 3263 ba
586 3193 623 3263 in
641 3182 792 3262 insulam
812 3186 1027 3293 navigabat:
1049 3186 1263 3291 ibidemque
1285 3184 1428 3260 labrum
1445 3210 1489 3261 ex
1509 3210 1693 3260 marmore
1705 3212 1786 3291 gra-
1811 3222 1833 3255 ιι

516 3297 606 3370 nito,
622 3298 666 3372 Et
685 3319 772 3370 vera
791 3317 890 3370 certe
913 3291 1096 3369 referebat
1116 3292 1177 3370 ille
1199 3327 1205 3367 :
1231 3318 1317 3367 nam
1346 3289 1477 3366 Paulus
1499 3294 1562 3366 lll.
1581 3289 1723 3366 labrum
1742 3318 1786 3367 ex
1811 3329 1833 3361 ιι

514 3405 662 3507 granito
680 3406 815 3506 reperit
835 3466 844 3497 ,
865 3400 966 3505 quod
988 3404 1023 3474 in
1047 3402 1121 3500 ejus
1142 3396 1284 3474 Palatio
1309 3396 1550 3473 restauratum
1574 3392 1785 3502 inspicimur.
1811 3437 1833 3468 ιι

518 3500 680 3586 labrum
711 3536 822 3613 porro
849 3508 1006 3583 alterum
1034 3505 1095 3610 ipli
1121 3505 1233 3581 limile
1255 3502 1386 3580 Paulus
1407 3507 1450 3578 ll.
1469 3502 1515 3577 ab
1535 3505 1787 3578 Antoniniana
1811 3542 1832 3573 ιι

514 3612 700 3695 extulerat
720 3619 755 3688 in
776 3613 937 3719 plateam
963 3619 993 3690 S.
1016 3617 1146 3691 lllarei.
1179 3611 1251 3688 Sub
1276 3609 1353 3686 liae
1380 3609 1587 3686 Cardinalis
1604 3610 1788 3683 l³arnelius
1812 3647 1834 3678 ιι

517 3719 629 3830 ipsum
648 3726 684 3795 in
704 3720 866 3826 plateam
885 3718 982 3794 luam
1002 3720 1135 3795 advelu
1151 3719 1260 3821 jullii,
1277 3742 1316 3793 ut
1337 3744 1403 3822 par
1423 3744 1505 3790 cum
1525 3717 1601 3819 pari
1623 3715 1788 3791 consiste·
1811 3752 1833 3785 ιι

516 3855 582 3907 ret.
608 3827 733 3902 Ambo
754 3832 863 3933 igitur
882 3833 918 3901 in
939 3828 1190 3901 Antoniniana
1208 3822 1362 3899 fuerant.
1391 3824 1441 3896 At
1460 3820 1593 3925 cymba
1616 3818 1787 3926 quorsum
1812 3858 1834 3892 ιι

517 3936 647 4014 abierit
667 3940 867 4041 ignoratur.
889 3937 975 4010 Nec
994 3931 1262 4024 dubitamlum,
1279 3924 1577 4035 ipsuu,cumdu1
1592 3926 1788 4032 navigallet
1812 3965 1834 3998 ιι

519 4053 556 4125 in
576 4068 670 4147 aqua
691 4107 701 4139 ,
723 4046 758 4115 in
777 4039 885 4114 rinno
908 4039 1068 4115 calcario
1087 4036 1283 4145 navigandi
1300 4034 1411 4111 linem
1431 4027 1560 4110 feeille.
1580 4032 1722 4109 ibidem
1733 4060 1788 4109 re.
1812 4071 1835 4104 ιι

518 4175 630 4261 perta‘
651 4156 730 4223 lunt
755 4148 834 4221 dua:
855 4145 923 4221 illa
947 4146 1120 4223 l-lereulis
1135 4144 1370 4247 statumque
1379 4143 1454 4245 jam
1469 4144 1504 4214 in
1514 4138 1691 4245 impluvio
1704 4142 1787 4214 far.
1813 4176 1836 4209 ιι

518 4259 665 4337 nefiano
685 4259 811 4332 esraa
830 4250 1064 4358 luspieiuntur
1090 4251 1356 4352 3imlidemque
1377 4246 1589 4323 columnam
1608 4244 1787 4351 grandem
1814 4282 1835 4313 ιι

515 4392 561 4446 ex
579 4388 765 4440 marmore
784 4366 929 4467 granito
948 4360 1074 4436 eduxit
1095 4362 1183 4433 Dux
1203 4351 1380 4452 Cosmus,
1401 4352 1622 4456 advexitque
1643 4350 1790 4426 Floren-
1814 4387 1837 4421 ιι

518 4480 609 4549 tiam
630 4467 676 4541 ad
696 4468 858 4573 plateam
881 4472 911 4543 S.
933 4468 1121 4542 Laurentii
1147 4500 1154 4538 ε
1182 4467 1414 4567 eredlatnque
1436 4488 1509 4564 quo
1531 4458 1613 4532 loeo
1633 4461 1789 4532 vicloria‘
1814 4495 1836 4527 ιι

519 4582 566 4658 de
595 4579 706 4652 Petro
729 4576 895 4649 Strozzio
916 4596 1112 4676 reportata
1131 4574 1299 4645 nuntium
1319 4572 1488 4673 aceepit,
1514 4570 1549 4639 in
1570 4568 1788 4641 memoriam
1815 4600 1838 4635 ιι

521 4686 614 4764 bene
634 4679 740 4787 gesta
760 4684 831 4775 rei,
849 4682 1005 4754 vieloria'
1025 4677 1293 4783 porphyretica
1306 4700 1394 4783 typo
1407 4675 1609 4752 exornavit.
1815 4706 1839 4744 ιι
