4422 5692
955 469 1081 583 Caput
1093 455 1284 547 decimum
1301 483 1499 585 quartum.
1810 495 1881 581 199

578 588 738 692 gemmis
759 578 1006 661 Mithrassrve
1024 583 1113 682 Sol,
1134 583 1325 663 interdum
1345 582 1456 661 leone
1468 605 1553 660 toto
1569 647 1579 680 ,
1595 583 1786 664 interdurn
1807 587 1883 668 leo.

579 697 668 768 nino
690 695 838 811 capite,
859 686 1072 798 serpentino
1094 719 1161 768 cor
1188 720 1253 771 ore
1272 696 1521 801 exprimitur:
1542 694 1645 797 cujus
1660 690 1819 799 symboli
1840 697 1877 775 is.

577 800 674 877 tha‘c
694 800 851 879 effertur
869 802 966 875 ratio
986 834 995 876 ε
1018 797 1124 917 quod
1144 721 1235 877 silut
1253 799 1464 879 interseras
1482 799 1876 914 le0,s1cintersydera

577 905 649 1008 sol,
664 910 804 987 cateris
813 905 1004 1015 precellat
1019 908 1141 985 sormd
1154 934 1269 1018 atque
1286 906 1517 988 fortitudine.

630 1009 801 1095 ¹Mithrae
830 1013 979 1094 schema
1002 1044 1081 1094 non
1099 1046 1217 1096 unum
1238 1084 1248 1117 ‚
1268 1022 1346 1102 imo
1365 1046 1436 1097 nec
1452 1018 1578 1127 passim
1597 1020 1698 1097 inter
1723 1019 1875 1127 anagly.

574 1123 650 1231 pha
667 1190 677 1223 ‚
693 1119 899 1233 statuasque
917 1124 1228 1205 veteresleonind
1236 1124 1332 1206 facie
1342 1132 1516 1204 occurrit.
1537 1126 1761 1236 Vulgatiore
1772 1132 1874 1206 enim

574 1256 615 1339 ty
644 1262 667 1308 o
687 1299 698 1331 ,
715 1232 878 1312 Mithras
897 1237 935 1309 in
954 1259 1064 1311 antro
1086 1300 1096 1332 ,
1117 1235 1284 1311 humana
1298 1233 1455 1341 juvenili
1473 1232 1568 1314 facie
1588 1299 1599 1332 ,
1625 1259 1734 1312 tauro
1757 1264 1874 1344 quem

574 1261 697 1419 cultro
716 1347 850 1450 pungit
869 1340 1053 1440 insistent,
1071 1341 1439 1443 exhibetur3additis
1450 1338 1624 1450 symbolis
1638 1349 1766 1442 varin,
1782 1374 1873 1451 quo.

571 1478 656 1527 tum
675 1478 753 1528 non
773 1477 847 1526 una
863 1453 901 1525 in
919 1446 1129 1556 hujusmodi
1148 1446 1396 1529 schematibus
1414 1456 1520 1530 rati0.
1550 1455 1646 1529 Haec
1656 1451 1873 1561 pluribus&

571 1557 685 1636 docte
705 1565 752 1639 V.
773 1556 817 1635 cl.
837 1556 1028 1667 Philippus
1045 1585 1067 1634 a
1090 1563 1242 1658 Turre,
1263 1563 1301 1636 in
1318 1586 1433 1667 opere
1454 1559 1502 1637 de
1521 1559 1689 1659 Mithra,
1706 1560 1807 1637 haud
1820 1565 1872 1638 ita

572 1666 720 1774 pridem
740 1665 845 1744 edito
872 1711 880 1765 3
904 1666 967 1743 ubi
987 1666 1128 1775 smgula
1149 1695 1231 1775 qua:
1248 1666 1435 1747 Mithram
1463 1664 1627 1775 spectant
1647 1664 1789 1745 summa
1808 1697 1870 1747 ac-

573 1778 767 1853 curatione
785 1775 989 1880 percenset.
1014 1778 1120 1852 Huic
1139 1774 1270 1854 lubens
1288 1775 1385 1853 istaec
1405 1779 1534 1852 onmia
1551 1773 1655 1851 fimul
1674 1775 1870 1883 publican-

574 1882 624 1958 da
642 1876 872 1961 tradidissem
889 1882 945 1981 ,si
966 1882 1120 1990 quidem
1137 1884 1186 1960 ad
1198 1883 1385 1963 Mithram
1396 1878 1557 1991 speetare
1574 1887 1613 1961 in
1630 1909 1799 1963 mentem
1814 1913 1871 1964 ve-

571 1987 676 2067 nnlet
696 2027 704 2068 :
723 2015 761 2068 at
778 1990 920 2068 etiamsi
940 1996 1065 2069 nodus
1085 1991 1256 2069 Flaminii
1276 1986 1429 2070 schedas
1446 2018 1550 2069 eram
1564 2036 1573 2090 3
1589 1995 1676 2098 quia
1692 2016 1776 2070 turn
1795 1994 1870 2070 col-

571 2097 732 2205 ligendis
764 2105 1022 2177 monumentis
1060 2099 1209 2178 deditus
1238 2165 1248 2198 ,
1281 2099 1424 2208 hngula
1448 2096 1530 2176 luce
1551 2108 1589 2176 ἃ
1617 2098 1869 2282 Ἳὶἰςαῑίοηε

571 2206 753 2283 donanda
773 2206 875 2283 aliud
894 2212 932 2283 in
959 2217 1161 2316 tempus&
1180 2212 1299 2286 otium
1319 2203 1491 2286 miseram
1511 2272 1521 2307 ,
1542 2205 1633 2282 nihil
1679 2233 1700 2285 e
1723 2208 1868 2286 Mithra

569 2336 652 2391 tum
674 2312 921 2392 succurrebat.
950 2319 1046 2393 Haec
1067 2312 1150 2394 sane
1172 2315 1422 2393 commodbm
1449 2314 1598 2393 erudito
1617 2318 1698 2391 viro
1717 2308 1867 2392 accidis-

568 2418 669 2519 sent,
687 2428 750 2529 qni
769 2423 816 2500 de
838 2422 942 2498 smnli
961 2423 1114 2501 Mithrae
1126 2420 1316 2503 schemate
1328 2423 1515 2500 nihildum
1527 2422 1708 2500 audierat.

621 2532 674 2606 Ut
694 2556 828 2607 catera
847 2530 910 2606 hle
931 2529 1100 2608 exhibita
1119 2533 1273 2609 Mithra:
1293 2526 1748 2639 symbolapersequamur.
1769 2533 1867 2610 Sen-

571 2662 671 2716 Ptus
694 2643 733 2714 in
754 2632 1002 2715 schematibus
1019 2644 1126 2715 variis
1144 2639 1210 2747 ipsi
1225 2635 1369 2748 semper
1383 2640 1600 2747 adpingitur
1617 2682 1626 2737 3
1645 2636 1868 2746 nullumque

568 2743 746 2823 haclenus
764 2745 856 2821 mihi
875 2744 1003 2824 videre
1025 2745 1129 2823 licuit
1144 2747 1219 2824 hoc
1239 2743 1409 2837 simbolo
1430 2771 1634 2823 carentem.
1662 2750 1868 2852 Tantaque

568 2853 751 2962 religione
772 2852 955 2930 curabant
975 2877 1016 2929 ut
1034 2854 1108 2931 sine
1127 2842 1294 2961 serpente
1315 2853 1478 2932 Mithras
1491 2850 1670 2961 nusquam
1684 2852 1869 2960 prodiret,

567 2985 609 3036 ut
629 2988 915 3067 nonnumquam
937 2965 1049 3038 etiam
1071 2959 1129 3037 vel
1152 2962 1215 3068 ipsi
1236 2961 1388 3039 Mithra:
1400 2966 1563 3059 nomini,
1582 2955 1869 3063 iconeejusdem

565 3074 720 3146 minime
735 3094 979 3183 comparente
991 3133 1000 3161 ,
1013 3064 1188 3175 serpentis
1199 3069 1357 3178 figuram
1370 3070 1630 3178 adpingerent.
1659 3069 1701 3145 ld
1720 3070 1872 3146 videtur

569 3178 738 3253 Divione
759 3181 796 3251 in
817 3175 984 3282 sepulcro
1002 3181 1172 3255 Terentii
1195 3173 1385 3281 cujusdam
1404 3244 1415 3276 ‚
1434 3181 1675 3285 Imperatoris
1696 3176 1868 3253 Aurelia.

567 3287 607 3359 ni
626 3282 767 3360 famuli.
792 3287 827 3360 Is
843 3289 881 3359 in
897 3283 1113 3392 anaglypho
1130 3313 1260 3361 arcum
1281 3286 1435 3363 dextera
1447 3310 1565 3383 tenet,
1579 3284 1795 3390 hnistrsqtie
1807 3311 1868 3359 ca.

568 3393 637 3497 piti
656 3390 833 3487 admotas,
856 3389 1074 3495 pharetram
1094 3418 1116 3467 a
1136 3390 1246 3469 dorso
1264 3393 1404 3499 gestat,
1429 3390 1622 3473 decussatis
1642 3390 1757 3467 tibiis:
1778 3418 1800 3467 a
1821 3391 1872 3467 la-

567 3523 649 3575 tere
671 3497 807 3575 dextro
827 3496 881 3573 his
898 3516 962 3575 tn
981 3516 1118 3579 mrm
1136 3519 1310 3579 renutu
1331 3501 1485 3582 Mathe
1499 3511 1663 3608 grutam,
1676 3494 1871 3605 serpensfi.

568 3605 690 3681 nuosrs
711 3604 865 3681 lienibus
885 3614 1132 3713 pratiiittitur.
1155 3615 1197 3686 ln
1218 3614 1294 3686 nno
1315 3606 1445 3714 lapidis
1465 3608 1601 3714 legitur
1617 3623 1684 3683 ΤΩ
1709 3624 1869 3687 TEPEN-

563 3728 650 3791 rto
677 3728 918 3793 rnnternr.
945 3730 968 3793 t.
985 3722 1152 3815 amiram
1177 3716 1336 3794 aluere
1358 3714 1498 3791 finsstro
1519 3732 1550 3793 o
1579 3731 1871 3802 nrrtntanoc

564 3833 809 3903 CEBACTOC.
824 3828 915 3902 Hoc
933 3823 986 3900 est
997 3891 1006 3922 ‚
1018 3840 1054 3904 T
1055 3838 1175 3901 ercutio
1201 3829 1345 3925 ministro
1355 3823 1444 3917 *secat
1453 3827 1670 3904 Aurelianus
1681 3835 1868 3935 Augustas.

565 3937 671 4010 AEvo
696 3932 860 4010 maxime
880 3930 1094 4029 Aureliani,
1115 3932 1284 4010 Mithran
1307 3958 1329 4008 a
1348 3934 1532 4009 Romanis
1544 3932 1867 4033 cultusest,mon-

565 4036 797 4149 strosumque
817 4033 1028 4144 hujusmodi
1049 4039 1192 4118 cultum
1211 4045 1238 4115 is
1258 4038 1411 4115 adauxit
1428 4063 1541 4147 atque
1562 4040 1666 4119 fovit.
1690 4045 1865 4149 Cumque

564 4147 696 4226 seculo
716 4149 853 4228 eodem
876 4175 932 4222 ars
948 4142 1148 4261 sculptoria
1171 4153 1306 4223 mirum
1326 4150 1363 4222 in
1385 4148 1545 4225 modum
1561 4147 1801 4247 declinasset,
1821 4179 1860 4226 ut

564 4281 727 4365 arguunt
748 4254 888 4363 singula
906 4283 987 4359 quae
1007 4251 1194 4363 supersunt
1211 4254 1310 4331 istius
1327 4257 1668 4365 temporisvestigia
1680 4265 1715 4333 &
1727 4286 1856 4332 monu-

563 4388 723 4463 menta,
744 4363 846 4440 haud
869 4360 969 4436 male
992 4360 1115 4441 forsan
1138 4361 1580 4472 auguraturFlaminius,
1606 4394 1690 4442 cum
1707 4364 1861 4441 Mithra·

564 4473 751 4569 statuam,
779 4464 1073 4574 senescentejam
1094 4477 1230 4550 attium
1250 4468 1460 4551 liberalium
1481 4466 1705 4580 splendore,
1734 4470 1866 4551 confe-

564 4586 661 4659 dtam
683 4579 849 4657 aestimat.

596 4687 902 4767 Circumvolutus
921 4679 1088 4795 serpente
1100 4686 1262 4767 Mithras
1272 4714 1319 4766 an
1329 4687 1417 4764 alias
1428 4681 1568 4763 visusfit
1579 4690 1714 4797 ignoro
1727 4724 1734 4765 :
1747 4714 1869 4795 neque
