4352 5690
871 442 1001 560 Caput
1025 427 1262 559 oigesnnum
1292 433 1492 560 quintam.
1811 489 1877 572 355

555 554 717 637 cisiimus
729 553 983 660 Salvinius,&
1001 561 1054 638 D.
1073 555 1495 644 AnselmusBandurius
1510 564 1616 663 haud
1637 567 1711 649 levi
1728 581 1877 658 neceni.

557 668 694 748 tudine
716 670 873 776 juniam.
916 667 1047 747 Multa
1071 669 1213 770 Gracc
1241 673 1382 753 Latine
1407 672 1596 788 exscripta
1623 708 1776 763 mecum
1794 687 1874 768 tuli.

556 779 756 857 Notitiam
775 777 955 856 codicum
976 782 1143 860 maxime
1159 776 1389 863 Graecorum
1406 782 1607 899 exscerpfi,
1626 819 1742 901 quam
1762 822 1875 883 accu-

554 887 737 966 ratissimo
751 887 930 966 codicum
943 891 1291 970 Laurentianorum
1304 895 1505 1008 catalogo,
1516 896 1686 1008 ejusdem
1697 900 1873 986 serenissi.
1899 966 1903 969 -

557 1001 612 1074 rni
631 1001 770 1108 Magni
804 1001 926 1078 Ducis
949 998 1191 1082 humanitate
1209 1001 1305 1080 mihi
1321 1002 1552 1114 transmisso,
1568 1012 1815 1123 adjunctam,
1836 1023 1874 1097 in

554 1101 728 1215 sequenti
740 1133 850 1187 tomo
841 1108 1219 1298 spublicareanimus
1235 1110 1299 1192 est.

611 1220 759 1328 Qrinti
778 1222 837 1328 eju
883 1249 945 1301 em
972 1220 1108 1302 mensis
1128 1223 1282 1302 Gazam
1305 1221 1412 1306 iliam
1431 1230 1655 1314 Medice'am
1672 1259 1759 1317 toto
1778 1236 1874 1331 orbe

557 1326 793 1409 celebratam
812 1331 1177 1442 adimuszquaevero
1193 1332 1334 1414 crebris
1347 1340 1528 1421 itionibus
1550 1346 1589 1422 in
1607 1372 1654 1425 ea
1670 1344 1875 1430 observatu

557 1436 676 1548 digna
696 1440 1044 1551 deprehendimus,
1061 1443 1125 1523 hic
1146 1443 1354 1526 confertim
1375 1451 1599 1562 consignare
1628 1452 1771 1563 visum3
1792 1457 1876 1539 mis-

554 1545 600 1624 srs
646 1579 689 1627 ro
708 1548 890 1631 consueto
909 1581 1019 1633 more
1030 1558 1070 1631 iis
1082 1583 1165 1663 quac
1183 1550 1372 1668 descripta
1388 1560 1620 1673 vulgataque
1630 1562 1747 1649 fuere.
1776 1573 1873 1650 Am.

552 1577 756 1739 busticrum
776 1659 873 1740 iliud
892 1666 1012 1770 majus
1029 1664 1334 1776 ,Augustorum
1351 1671 1609 1782 Augustarum
1632 1675 1873 1790 aliorumque

553 1769 728 1849 iconibus
745 1771 1000 1877 decoratum,
1027 1798 1154 1854 totam
1173 1804 1274 1887 pene
1298 1782 1593 1890 imperatoriam
1611 1781 1744 1883 seriem
1766 1819 1873 1871 com-

552 1878 781 1986 prehendit,
828 1883 907 1961 uod
925 1884 1016 1963 alias
1035 1884 1173 1965 frustra
1189 1914 1390 1997 quaratur.
1418 1895 1663 2005 Cumprimis
1678 1892 1876 2011 suspiciun-

552 2013 618 2065 tur
643 1912 857 2071 Alexaniiri
882 2000 1051 2074 animam
1077 1995 1240 2077 efflantis
1264 2020 1380 2110 caput
1400 2007 1522 2083 :item
1559 2006 1732 2087 Othonis
1758 2035 1875 2120 atque

552 2096 781 2210 Vespasiani.
827 2107 872 2183 in
891 2111 1070 2215 proximo
1092 2106 1268 2187 conclavi
1296 2112 1424 2192 visitur
1444 2121 1576 2196 Venus
1599 2115 1667 2197 ilia
1691 2121 1876 2203 Medicea

552 2206 788 2315 decantata,
817 2214 925 2324 quod
951 2213 1088 2298 fabrile
1110 2246 1204 2328 opus
1230 2247 1302 2331 par
1328 2222 1478 2304 nulium
1504 2226 1687 2319 admittit.
1721 2230 1874 2313 ibidem

551 2317 822 2405 numismatum
850 2320 962 2405 series
986 2328 1218 2440 perampla,
1251 2336 1498 2445 maximeque
1525 2338 1757 2422 Graecorum
1792 2370 1875 2421 ma-

548 2456 636 2537 gna
655 2430 790 2513 formae
812 2434 896 2545 plus
914 2460 1206 2540 trecentorum,
1228 2469 1395 2549 quorum
1419 2473 1507 2556 pars
1525 2474 1667 2558 magna
1685 2452 1875 2533 rarissima.

550 2542 694 2728 Eorpm
718 2550 897 2627 notitiam
930 2553 1107 2658 excipere
1134 2556 1265 2661 magni
1292 2550 1435 2633 laboris
1456 2551 1610 2637 fuisset:
1637 2558 1721 2638 hac
1751 2590 1877 2673 pauca

547 2677 621 2761 pro
640 2682 719 2734 ern.

603 2766 801 2844 Nummus
813 2770 1007 2847 Demetrii
1024 2774 1122 2880 regis
1140 2796 1230 2850 curn
1249 2774 1374 2891 capite
1393 2772 1589 2856 Demetrii
1607 2782 1647 2857 in
1665 2786 1815 2884 antica3
1835 2786 1875 2864 in

548 2870 694 2976 postica
716 2903 807 2955 vero
822 2905 939 2988 prora
958 2882 1082 2980 navia,
1100 2884 1161 2958 cui
1177 2876 1461 2991 superscribitur
1479 2904 1705 2970 ΒΑΣΙΛΕΩΣ
1723 2911 1873 2973 ΔΗΜΗ-

545 2996 747 3086 ΤΡΙΟΥ,
766 2983 832 3065 sub
850 3016 966 3099 prora
976 2986 1117 3098 legitur
1129 3057 1140 3092 ,
1152 3006 1180 3068 Σ
1193 3008 1331 3075 ΙΔΩΝ
1341 3009 1443 3076 ΙΩΝ
1454 3064 1465 3098 ‚
1482 2999 1569 3080 haec
1579 3033 1655 3082 vox
1675 3004 1872 3093 Phoeniciss

549 3088 618 3281 buds
633 3093 768 3176 litteris
777 3096 849 3177 bic
860 3098 985 3177 sormi
999 3106 1187 3211 repetitur
1215 3125 1333 3257 ῆιῖα
1346 3110 1421 3231 7¹¹¹?
1442 3110 1578 3220 quibus
1596 3119 1757 3227 exprimi
1774 3142 1870 3228 puto

547 3205 586 3280 Si
618 3234 745 3286 onem.
1317 3229 1332 3262 ‘¹

602 3319 799 3399 Nummus
827 3316 975 3399 Tiberii
1001 3347 1150 3432 magna
1177 3321 1335 3427 format,
1358 3330 1399 3407 in
1422 3335 1550 3412 antica
1573 3333 1723 3414 Tiberii
1751 3360 1867 3444 caput

547 3453 638 3506 cum
650 3425 916 3539 inscriptione,
935 3437 1003 3512 TI.
1034 3435 1260 3514 CAESARI
1290 3439 1557 3533 AVGVSTO
1585 3446 1638 3523 D.
1658 3449 1712 3524 D.
1740 3448 1865 3527 COL.

546 3537 1165 3650 Inposticatenrplunr‚PACE
1193 3545 1491 3645 AVGVSTI
1518 3557 1706 3637 PERP.·

602 3648 806 3729 Numisrna
818 3651 1001 3733 Graccum
1021 3682 1171 3764 magna
1187 3653 1394 3760 formae,in
1413 3668 1540 3743 antica
1552 3663 1737 3777 Caligula
1750 3692 1865 3777 caput

544 3784 635 3836 cunr
654 3755 816 3871 inscript.
837 3781 875 3843 Γ.
894 3780 953 3845 ΓΕ
967 3781 1118 3845 RMAN
1128 3778 1273 3850 IKOC.
1294 3773 1339 3848 ln
1358 3771 1504 3881 postica
1514 3775 1563 3852 ad
1577 3777 1746 3855 medium
1759 3805 1867 3857 areae.

597 4420 688 4526 Qri
706 4421 794 4533 sigla
814 4431 1041 4535 exprimitur
1058 4440 1275 4532 Namuasb'uu
1288 4477 1295 4518 :
1307 4443 1347 4518 in
1364 4438 1509 4519 circuio
1532 4453 1625 4519 ΕΠΙ
1650 4446 1872 4516 ΦΙΡΜΟΥ

542 4544 901 4622 ΑΝΘΥΠΑΤΟΥ
928 4557 1242 4631 HATPaNOC.

598 4646 640 4718 Ν
646 4643 801 4723 umifina
822 4652 1003 4729 Graecum
1018 4658 1252 4760 Commodi,
1280 4664 1320 4738 in
1338 4661 1442 4765 cujus
1458 4658 1601 4766 postica
1621 4667 1864 4743 ΚΟΜΟΔΟΥ

542 4764 984 4843 BACIAE'I'ONTOC
1012 4780 1044 4843 O
1071 4781 1301 4858 KOCMOC
1332 4784 1533 4851 ΕΠΥΧΕΙ.
1567 4785 1863 4989 ῘῖῘΙΚὲΙΕωΝ.

1627 4913 1649 4991 y
