4264 5684
390 503 470 588 140
847 469 1032 558 niarium
1057 471 1251 565 italicum.

452 593 598 674 Eodem
618 596 750 671 itinere
769 590 889 671 versus
909 598 941 673 S.
960 600 1124 675 Mariam
1156 600 1345 703 Majoreln
1374 590 1545 675 occurrit
1566 598 1611 674 acl
1638 599 1681 676 le.

391 730 477 779 ram
495 698 584 778 villa
602 702 654 778 D.
673 705 807 778 Voiret
823 696 992 778 Consulis
1009 703 1168 781 Gallica:
1186 705 1306 813 gentis
1328 749 1337 803 5
1357 709 1394 780 in
1415 732 1489 811 qua
1516 733 1594 781 non
1614 706 1679 782 dtu

392 834 499 890 eruta
519 801 601 885 sunt
624 805 787 886 testacea
805 806 908 885 dolia
923 814 1066 918 ingenti
1085 838 1242 889 numero
1262 848 1269 889 :
1286 810 1367 920 plns
1387 836 1540 890 centum
1557 808 1678 917 hujus.

392 917 497 996 modi
508 909 542 993 sc
554 911 714 995 eduxisse
724 914 901 994 narrabat
928 916 1013 1015 ille,
1032 920 1133 1022 cujus
1148 915 1377 1027 supellectilis
1401 943 1545 1028 partem
1573 919 1677 995 dono

392 1023 551 1116 obtulit,
575 1045 720 1130 partem
749 1023 862 1132 longi
887 1019 976 1103 serie
993 1029 1031 1102 in
1051 1024 1138 1103 villa
1170 1031 1434 1104 concinnatam
1460 1021 1679 1133 inspeximtu

391 1130 620 1236 frequenter.
647 1133 836 1236 Erantque
856 1125 937 1207 vasa
957 1132 1117 1210 testacea
1128 1130 1313 1212 servandis
1332 1133 1538 1241 liquoribus
1563 1156 1679 1241 atque

395 1242 481 1315 vinu
501 1239 637 1334 etiam,
654 1236 755 1316 unde
773 1237 967 1317 Martialis.

584 1394 629 1455 Et
658 1378 768 1454 multa
780 1377 925 1487 fragrat
945 1385 1030 1478 testu
1047 1378 1185 1488 senibus
1206 1396 1392 1461 autumnis.

456 1560 641 1668 Pleraque
661 1556 871 1666 hujusmodi
890 1561 993 1639 dolia
1012 1557 1254 1640 sextariorum
1276 1563 1360 1670 plus
1388 1567 1543 1671 triginta
1566 1590 1677 1674 cape.

392 1674 450 1749 cia
461 1672 517 1745 :in
532 1668 726 1747 Alteriana
736 1667 824 1746 villa
839 1675 954 1750 etiam
963 1669 1165 1778 grandiora
1174 1671 1338 1777 projecta
1348 1669 1611 1779 neglectaque,
1630 1673 1681 1750 acl

392 1778 529 1858 aediunr
549 1774 729 1881 angulum
752 1772 924 1855 visuntur.
946 1781 1128 1854 immania
1152 1773 1313 1882 ejusdem
1341 1782 1505 1855 materia:
1534 1779 1681 1856 exstant

392 1881 496 1961 dulia
514 1887 550 1959 in
570 1881 657 1957 villa
673 1882 942 1982 Ludovisnna,
968 1912 1049 1991 quae
1067 1877 1243 1961 sextarios
1257 1884 1338 1991 plus
1358 1911 1469 1991 quam
1490 1910 1680 1963 trecentos

392 1994 552 2099 capiant.
569 1990 622 2065 Ut
641 1988 689 2064 ad
707 1991 937 2097 proposrtum
958 1992 1174 2090 redeamuS,
1191 1996 1230 2067 in
1247 2014 1415 2070 mentem
1435 1987 1528 2068 subit
1552 1991 1681 2071 locum

389 2097 609 2176 hunctanta
626 2090 794 2173 vasorum
805 2096 1019 2205 figlinomm
1030 2126 1102 2175 con
1130 2103 1205 2176 eric
1222 2096 1455 2197 instruclum,
1474 2098 1683 2177 Officinam

393 2197 496 2282 fuisse
513 2202 697 2311 figlinam,
722 2230 836 2310 quam
855 2210 893 2283 in
916 2230 1047 2284 monte
1072 2125 1258 2312 Esquilino
1282 2210 1455 2283 meminit
1486 2211 1611 2287 Varro
1631 2207 1686 2285 de

394 2305 557 2416 Esquiliis
576 2336 698 2417 agenr.
710 2314 1333 2419 Oppiurmom,inquit,quaerticepsos
1344 2313 1451 2388 lucum
1469 2314 1681 2415 Esquilinum

394 2429 460 2492 via
476 2426 641 2492 dexterror
663 2426 699 2491 in
707 2412 859 2522 figlineis
884 2423 935 2520 est.
985 2419 1060 2495 uod
1090 2415 1152 2494 alii
1176 2422 1267 2495 item
1287 2415 1540 2496 testificantur.
1559 2421 1681 2497 Lucus

393 2545 521 2603 autern
539 2517 762 2629 Esquilinus,
789 2548 902 2628 quem
919 2447 1075 2634 figlincis
1095 2525 1167 2603 five
1195 2524 1351 2602 officina:
1367 2522 1568 2632 figulorum
1590 2531 1679 2604 vici-

392 2657 485 2708 num
500 2629 643 2706 indicat
656 2634 803 2727 Varro,
823 2626 942 2709 versus
971 2635 1002 2710 S.
1023 2632 1249 2710 Mattlraeum
1264 2635 1301 2707 in
1329 2629 1529 2712 Merulana
1546 2632 1567 2710 ri
1583 2638 1679 2740 peri-

391 2734 548 2815 tioribus
565 2735 731 2834 locatur,
752 2763 833 2842 qua:
855 2736 1017 2817 Ecclesia
1044 2742 1128 2816 vico
1145 2732 1263 2814 solum
1291 2738 1517 2816 intermedio
1536 2737 1558 2817 a
1576 2746 1679 2820 Vo'e‘.

390 2848 537 2924 retiano.
554 2847 663 2922 vinea
681 2841 967 2923 disterminatur.
987 2849 1033 2924 Et
1051 2872 1142 2924 vero
1160 2840 1402 2953 suspicionem
1421 2868 1555 2954 auget,
1573 2848 1681 2955 quod

390 2955 432 3031 in
448 2949 557 3029 doliis
575 2943 796 3058 quibusdam
813 2948 1042 3031 diversorum
1060 2955 1213 3029 nomina
1236 2950 1358 3059 figillis
1383 2956 1435 3028 im
1463 2946 1552 3030 ressa
1572 2981 1676 3032 conr-

391 3081 570 3168 pareant,
589 3082 712 3164 neque
732 3083 778 3134 ex
794 3061 835 3134 iis
854 3087 939 3167 quae
959 3058 1104 3136 domini
1118 3054 1169 3135 sui
1192 3085 1335 3136 nomen
1357 2979 1560 3166 ptulerunt
1579 3074 1683 3159 (non

391 3168 496 3244 enim
517 3165 659 3272 signata
677 3168 823 3259 omnia)
843 3164 902 3244 vel
920 3164 996 3242 duo
1017 3170 1252 3274 reperiuntur
1270 3164 1406 3243 eodem
1427 3170 1580 3243 nomine
1596 3168 1679 3246 infi-

390 3276 506 3381 gnita.
575 3269 653 3348 uod
671 3265 755 3349 sane
771 3270 973 3372 indicium,
992 3300 1069 3350 non
1087 3277 1193 3350 unius
1220 3297 1335 3379 atque
1365 3266 1529 3377 ejusdem
1559 3274 1680 3352 ‹lomi-

390 3383 430 3458 ni
446 3373 531 3455 vasa
552 3381 560 3424 '2
592 3375 671 3454 haec
688 3372 779 3476 esse,
800 3372 862 3456 sed
882 3378 1110 3479 multorum,
1154 3383 1191 3455 ui
1209 3382 1248 3456 in
1267 3378 1417 3456 officina
1449 3375 1680 3483 hujusmodi,

390 3482 567 3562 mollibus
599 3482 724 3562 adhuc
750 3485 913 3563 necdum
939 3490 1050 3566 coelis
1086 3407 1223 3584 doliis,
1255 3483 1372 3591 figilla
1408 3489 1677 3592 imprimerent.

390 3593 570 3671 Duorum
588 3597 743 3668 nomina
757 3594 808 3668 irn
836 3589 928 3672 telle
945 3596 1042 3693 erui,
1062 3592 1134 3669 alie
1150 3588 1373 3670 labefaclata
1392 3584 1484 3668 suut.
1502 3591 1678 3673 Alterum

389 3696 552 3808 figillum
571 3698 619 3776 fic
641 3619 885 3808 exprimeiat.

1273 3884 1467 3906 m

501 3883 799 4090 {Em-{II
868 3941 1030 4020 alterurn
1047 3963 1136 4018 vero
1154 3938 1201 4016 fic
1286 3954 1327 4027 L,
1346 3955 1464 4028 SAL,
1495 3890 1528 3984 ··
1549 3888 1577 3985 ὁ·
1603 3891 1627 3987 .·
1657 3893 1678 3989 ο·

394 4183 602 4291 Ruptoque
626 4184 802 4293 postremi
818 4179 908 4259 ναῦς
923 4180 1222 4263 fmstulolitterae
1240 4180 1432 4291 sequentes
1451 4185 1679 4263 exciderunt.

394 4289 487 4366 Duo
506 4289 624 4401 sigilla
653 4293 678 4369 st
706 4291 836 4368 nandis
859 4292 953 4369 item
990 4290 1123 4401 figlinis
1139 4290 1280 4367 vafibus
1299 4318 1448 4369 mecum
1474 4294 1597 4371 Romi
1618 4292 1680 4369 de-

395 4392 465 4471 tuli
478 4319 801 4505 ‚quaeannulumi
821 4418 929 4503 tergo
939 4392 1287 4476 habentinserenclo
1298 4397 1440 4509 digitu,
1457 4399 1558 4479 aliud
1570 4402 1682 4480 Grae-

396 4509 692 4609 cummanum
704 4504 830 4603 aliud,
854 4510 893 4582 &
910 4504 959 4583 sic
977 4504 1135 4584 habent
