4414 5692
422 466 511 546 244
874 423 1065 516 niarium
1093 417 1296 513 stastum.

376 582 401 617 2>
423 552 572 635 filiabus
592 553 737 675 Agneti
758 548 960 632 Abbatissae
988 617 998 652 ,
1021 577 1067 628 ac
1088 547 1290 631 Sororibus
1315 548 1348 629 S.
1379 550 1514 629 Maria
1535 548 1584 629 de
1608 572 1752 660 campo>

376 694 401 727 *²
427 670 565 747 Martis
584 734 596 766 ,
623 665 782 745 salutern
802 671 840 742 ὃ(
861 660 1126 775 Apostolicarn
1147 659 1468 741 benedietionem.
1513 663 1567 741 Ea
1594 686 1679 768 quae
1699 658 1750 739 de

377 806 401 840 ³>
425 774 638 889 Apostolici
655 778 879 855 auetoritate
897 773 1072 852 mandati
1089 769 1372 852 concordidvel
1385 770 1529 879 judicio
1543 773 1751 852 terminan-

376 917 401 952 υ
426 915 515 992 tur,
535 886 644 968 firma
662 883 806 965 debent
829 883 1030 965 &illibata
1050 909 1232 984 manere,
1251 888 1290 961 δ(
1308 908 1356 962 nc
1377 875 1550 994 processu
1567 883 1749 994 temporis

376 1028 402 1066 ‘³
425 1006 464 1081 in
487 1001 744 1081 contentionis
763 991 979 1110 scrupulum
1000 996 1129 1076 denuo
1152 991 1419 1093 reducantur,
1440 992 1656 1076 litterarum
1673 1019 1750 1073 me-

376 1141 401 1176 >³
424 1116 556 1191 moriae
580 1108 876 1209 commendari,
901 1103 1119 1218 scriptoque
1137 1102 1367 1215 Apostolico
1383 1108 1624 1184 communiri.
1647 1105 1750 1184 Cum

377 1250 401 1287 υ
423 1247 554 1302 autem
568 1224 669 1301 inter
690 1218 969 1302 Monasterium
983 1218 1148 1299 vestrum
1162 1226 1200 1296 ὃ(
1214 1210 1512 1297 ecclefiassmetr
1527 1214 1749 1326 Triphonis,

377 1363 401 1398 ’³
425 1331 537 1414 sandi
557 1331 764 1413 Salvatoris
787 1330 837 1413 de
856 1336 988 1430 Serra,
1007 1324 1332 1437 sauciiNycholai
1344 1325 1392 1407 de
1409 1319 1747 1427 Praesed0,&san-

377 1432 1752 1549 ”trisslafiideuourrAcerrrir1r1,superparrochias}

377 1586 401 1622 υ
423 1558 506 1666 jure
526 1552 660 1669 popuii
707 1559 745 1633 ui
762 1557 952 1634 contineri
972 1547 1180 1631 dinoscitur
1195 1577 1217 1629 a
1234 1548 1354 1628 domo
1375 1546 1483 1629 Pauli
1495 1546 1683 1660 Jobannis
1701 1545 1750 1628 de

376 1696 401 1733 ’a
425 1671 563 1769 Mitia,
580 1675 620 1748 ὅ(
639 1584 739 1746 insta
761 1693 784 1744 a
799 1664 920 1743 domo
933 1669 1200 1761 bucacanum,
1213 1667 1251 1740 ὃ(
1267 1656 1366 1739 infra
1380 1663 1473 1738 avia
1486 1661 1654 1766 majore,
1667 1685 1755 1768 quae

377 1808 402 1844 ³³
424 1777 553 1860 tendit
568 1779 675 1888 juxta
692 1781 827 1856 turrim
844 1772 1076 1885 Aimeldrigi
1102 1771 1151 1854 de
1178 1776 1320 1851 Scorza
1338 1764 1464 1850 saneto
1487 1779 1555 1871 ,δε
1579 1767 1679 1868 infra
1701 1766 1751 1848 ab

379 1919 402 1955 ν)
425 1916 592 2001 utroque
611 1888 732 1970 latere
751 1890 819 1967 viae
838 1914 862 1966 a
883 1885 1004 1964 domo
1023 1882 1236 1983 Monacbi,
1255 1890 1292 1961 ὅ(
1308 1879 1407 1960 insra
1423 1908 1446 1960 a
1463 1880 1585 1960 domo
1605 1885 1755 1974 Benen-¹

379 2031 403 2067 >³
427 1997 508 2083 case
532 1999 581 2083 de
610 1997 917 2099 Romanello,&
934 1994 1208 2096 infra,diutius
1226 1988 1348 2073 suisset
1366 1996 1510 2104 agitata
1530 1994 1758 2072 eontentio:

380 2143 404 2178 υ
427 2112 586 2193 tandem
607 2110 726 2192 felicis
747 2113 942 2190 memoriae
960 2110 1098 2187 Lucius
1121 2106 1224 2215 Papa
1243 2098 1494 2215 praedecessor
1511 2100 1669 2204 noster,
1693 2101 1753 2181 di-

380 2254 403 2288 ’2
426 2223 530 2304 sedis
547 2222 630 2304 siliis
649 2219 858 2305 rectoribus
879 2223 1067 2301 Romanor
1086 2213 1337 2296 fraternitatis
1354 2213 1531 2296 eamdem
1553 2208 1700 2293 causam
1713 2211 1753 2292 ff-

379 2365 403 2400 »
427 2363 477 2416 ne
495 2333 686 2415 commisse
705 2329 839 2414 debito
858 2328 1155 2412 terminandam.
1182 2330 1266 2438 Qii
1281 2326 1414 2405 audito
1433 2325 1543 2436 quod
1556 2323 1752 2405 Monaste-

380 2476 405 2511 >³
427 2452 525 2526 rium
542 2444 707 2527 vestrum
727 2511 739 2548 ,
756 2446 835 2553 jam
855 2442 998 2524 diuum
1017 2438 1203 2552 populum
1225 2462 1411 2548 tanquam
1431 2434 1707 2547 parrochianos
1730 2461 1753 2513 a

379 2586 404 2622 2>
428 2555 685 2669 quadraginta
699 2580 805 2637 retro
826 2558 932 2635 annis
952 2556 1135 2632 continue
1153 2572 1330 2630 tenuerat
1351 2541 1466 2656 usque
1482 2546 1532 2627 ad
1544 2571 1695 2657 tempus
1711 2542 1752 2623 il-

378 2698 403 2733 ³>
429 2666 568 2771 lud‚&
589 2731 597 2748 .
615 2731 628 2749 ,γ
640 2732 670 2749 ..
694 2665 888 2747 hincinde
905 2663 1105 2776 propofitis
1122 2659 1170 2739 ab
1189 2663 1431 2771 impetitione
1455 2654 1619 2739 adverse
1634 2658 1753 2776 partis

378 2807 403 2844 ’ν
427 2775 535 2891 super
554 2778 696 2860 eodem
715 2774 893 2889 populo,
915 2804 981 2854 vos
1012 2782 1050 2854 &
1070 2770 1238 2856 vestrum
1262 2766 1543 2852 Monastcrium
1571 2766 1752 2847 absolve-

378 2919 402 2956 »
425 2915 516 2972 runt
534 2956 545 2992 ,
564 2889 828 2999 adjudicantes
847 2884 955 2967 vobis
977 2893 1014 2966 &
1031 2883 1160 2965 eidem
1179 2878 1375 2962 Coenobio
1392 2878 1579 2991 populum
1601 2947 1612 2981 ,
1633 2870 1758 2989 ipsum

377 3031 402 3067 υ
426 3026 542 3115 prout
561 3026 676 3082 antea
693 2995 950 3080 noscebamini
971 2991 1136 3077 tenuisse.
1184 2994 1239 3071 Ut
1265 2996 1380 3103 igitur
1408 2992 1546 3072 eadem
1567 2983 1757 3071 sententia·

378 3142 402 3178 ³>
453 3138 654 3225 erpetuam
679 3109 823 3191 habere
849 3107 976 3188 valeat
995 3106 1220 3186 firmitatem
1239 3169 1249 3204 ,
1270 3098 1385 3213 ipsam
1406 3127 1522 3212 prout
1542 3098 1752 3180 rationabi-

378 3255 403 3290 »
426 3145 515 3306 iiter
534 3222 613 3304 iata
632 3222 716 3324 est,
741 3230 779 3303 dc
799 3225 837 3299 in
865 3214 1004 3328 scripto
1031 3215 1170 3296 exinde
1194 3213 1295 3293 fauo
1313 3210 1484 3322 plenarie
1504 3215 1754 3313 continetur,

379 3365 404 3401 υ
427 3339 653 3416 audoritate
675 3330 899 3444 Apostolica
922 3325 1215 3423 confirmamus,
1235 3331 1273 3403 &
1289 3318 1477 3433 praesentis
1494 3316 1620 3431 scripti
1628 3347 1757 3432 patro.

379 3476 407 3515 n
429 3452 529 3528 tinio
545 3448 845 3543 communimus,
864 3441 1070 3521 statuentes
1087 3460 1130 3515 ut
1146 3433 1241 3514 nulii
1254 3436 1414 3512 omnino
1426 3432 1627 3511 hominurn
1640 3431 1758 3514 liceat

380 3587 405 3625 ’³
429 3559 530 3639 hauc
550 3562 729 3670 paginam
749 3552 885 3633 nostra:
903 3548 1206 3631 confirmationis
1223 3541 1451 3655 infringere,
1470 3541 1530 3623 vel
1547 3546 1580 3623 ei
1593 3537 1680 3622 ausu
1696 3568 1755 3625 te-

381 3699 406 3735 »
431 3674 595 3751 merario
614 3670 817 3749 contraire.
838 3666 970 3774 Siquis
981 3685 1112 3740 autem
1124 3658 1201 3737 hoc
1217 3679 1452 3767 attemptare
1465 3646 1755 3765 presumpserit,

381 3810 406 3848 υ
430 3783 742 3893 indignationem
764 3776 1040 3886 omnipotentis
1066 3773 1147 3853 Dei
1171 3776 1209 3849 &
1235 3767 1440 3847 beatorum
1461 3768 1624 3846 Petri-¹&
1646 3763 1764 3845 Pausi

380 3921 407 3961 υ
430 3891 704 4005 Apostolorum
714 3890 792 4000 ejus
806 3882 862 3991 ,se
874 3888 1026 3969 noverit
1045 3875 1294 3967 incursurum.
1315 3879 1467 3961 Datum
1483 3883 1650 3959 Veronae
1670 3905 1753 3955 1111.

381 4033 405 4068 ‘³
432 4002 516 4086 Kal.
538 4006 681 4084 Martii.

485 4114 561 4193 Ubi
580 4144 650 4193 nos
672 4111 757 4193 Kal.
778 4111 938 4223 legimus
959 4177 969 4211 ,
989 4108 1044 4191 est
1064 4106 1196 4187 dudus
1216 4105 1362 4187 caiami‘
1378 4171 1389 4204 ‚
1407 4104 1473 4212 qui
1495 4098 1580 4181 Kal.
1603 4126 1652 4177 an
1668 4097 1757 4179 Idus

430 4251 543 4308 notet
567 4254 678 4329 ,non
694 4229 748 4304 ita
763 4220 998 4335 perspedum
1021 4218 1217 4300 habemus.
1245 4221 1327 4298 Hic
1340 4209 1679 4311 UrbanusIII.est,
1692 4216 1762 4319 qui

431 4338 609 4449 diploma
623 4336 732 4418 dedit
751 4363 853 4413 anno
874 4342 972 4437 1187.
995 4338 1113 4415 Mons
1131 4355 1260 4411 autem
1283 4321 1542 4435 Acceptabiiis
1553 4351 1600 4402 ex
1611 4350 1758 4401 memo.

431 4455 521 4531 ratis
536 4447 682 4530 ibidem
698 4445 869 4530 Ecclesris
887 4445 1069 4526 eumdem
1087 4438 1206 4555 ipsum
1227 4435 1298 4521 esse
1317 4440 1381 4547 qui
1398 4438 1477 4547 jam
1496 4458 1606 4512 monte
1624 4445 1765 4514 Cr'torio*

432 4558 848 4670 dicitur,expsoratum
864 4556 937 4637 est:
950 4560 1015 4667 qui
1032 4583 1143 4633 mons
1154 4544 1567 4662 acceptoriusdeiude,
1580 4544 1757 4624 demum.

434 4698 510 4780 que
527 4676 660 4750 vitiato
676 4674 832 4749 nomine
851 4681 984 4750 Citorto
1008 4668 1127 4745 didus
1149 4663 1274 4744 suerit.
1314 4664 1400 4780 Jam
1422 4684 1515 4736 vero
1532 4659 1658 4734 vicino
1677 4649 1764 4734 solo·

433 4783 699 4894 complanatus
724 4808 835 4864 mous
860 4776 960 4881 suit,
988 4774 1219 4858 cumseiitis
1240 4801 1354 4854 mem
1379 4770 1628 4853 Innocentius
1648 4769 1767 4850 XIL
