4264 5684
921 317 1049 451 Caput
1072 348 1258 455 quartum.
1690 360 1717 438 9
1721 364 1743 443 5

432 449 613 540 diabolus:
633 455 693 535 hic
708 454 802 534 liber
820 452 869 532 fic
889 454 1042 559 incipit:
1057 454 1194 558 siuiſsent
1212 453 1317 537 vobis
1330 448 1476 555 monstrnt
1494 462 1740 568 quampridem
1765 493 1786 525 i:

423 558 574 677 promisi.
619 565 835 642 innomine
866 560 992 641 sanna
1022 573 1060 643 δι
1085 554 1284 645 individue
1309 562 1531 659 Trinitatis,
1556 562 1740 672 incipiunt
1763 601 1787 633 ο

431 672 511 751 aila
532 668 642 749 saucii
662 665 855 748 Methodii
878 668 1041 775 episcopi
1064 670 1296 769 Parmensis,
1324 667 1370 748 de
1387 670 1507 777 regnis
1529 696 1654 779 regum
1675 702 1738 781 ge·
1764 711 1786 741 .

433 783 589 878 mium,
617 789 656 859 ie
681 777 727 856 de
747 776 946 857 novissimis
967 776 1199 885 temporibus
1225 803 1325 857 certa
1356 774 1620 858 demonstratio
1641 783 1739 860 chri·
1763 817 1786 846 ι

429 886 557 966 sliana.
1764 926 1785 954 ι.

485 994 576 1072 Duo
596 992 678 1070 libri
698 995 796 1104 Aug.
822 991 870 1073 de
890 992 1021 1075 Genesi
1051 1017 1183 1073 contra
1206 989 1436 1073 Manichacus
1459 1028 1469 1072 :
1490 995 1564 1074 hoc
1581 1021 1674 1104 opus
1691 997 1739 1076 fic
1765 1035 1784 1064 o
1822 982 1864 1069 T

430 1099 634 1208 incipitzsi
644 1101 993 1209 eligerentMonicbei
1006 1130 1087 1212 qnos
1097 1103 1289 1214 deciperent.
1326 1104 1421 1178 item
1439 1100 1515 1182 duo
1529 1105 1611 1185 libri
1629 1108 1737 1186 sandii
1764 1142 1787 1175 n

431 1210 628 1319 Augustini
653 1220 699 1288 ad
715 1211 1014 1315 Simplicianum:
1030 1213 1104 1289 hoc
1122 1237 1212 1315 opus
1230 1207 1277 1287 sic
1297 1210 1447 1313 incipit:
1460 1217 1740 1322 Graoiofiſsimom
1764 1251 1787 1282 u

420 1322 527 1429 plane
541 1318 898 1425 otqoefiiovissimatn
910 1322 1356 1425 interrogationumtoarum
1371 1318 1610 1425 dignationem.
1639 1326 1741 1403 ltem
1763 1359 1788 1393 a

429 1424 661 1532 Augustinus
682 1422 730 1502 ad
751 1426 991 1525 Dulcitium‚
1011 1426 1057 1503 de
1074 1426 1158 1503 otio
1175 1424 1436 1528 quaestionibus
1455 1459 1466 1503 :
1488 1427 1671 1539 hocopus
1692 1432 1740 1510 lic
1763 1467 1788 1500 ι

430 1532 589 1639 incipit:
607 1546 794 1648 ,Quantum
813 1531 905 1611 mihi
923 1535 1149 1637 videtur,fili
1166 1532 1386 1639 diliciiſsine
1402 1534 1550 1616 Dulciti.
1764 1575 1790 1610 ι

485 1641 622 1749 Incipit
642 1642 817 1748 expositio
843 1639 951 1751 super
966 1643 1126 1723 Cantica
1151 1643 1380 1720 canticorum
1399 1645 1566 1749 Apponii
1588 1648 1676 1724 :hic
1693 1646 1739 1721 li·
1765 1686 1788 1713 ι

429 1745 495 1827 ber
514 1749 561 1827 sic
578 1753 710 1857 incipit
726 1782 741 1828 :⁴
754 1751 1021 1831 Admirantibos
1036 1776 1157 1831 vocem
1173 1756 1324 1861 Spiritus
1331 1750 1462 1854 finiti.

483 1859 648 1937 Decreta
665 1857 888 1938 Pontificum
918 1916 964 1936 ..
989 1917 1000 1936 .
1110 1914 1118 1932 .
1150 1916 1158 1934 .
1186 1858 1294 1963 primi
1324 1859 1533 1936 Clementis
1558 1861 1664 1965 Papa
1692 1858 1738 1937 ad
1765 1907 1782 1931 α
1827 1857 1870 1944 Τ

430 1966 648 2046 Damasum.
1765 2016 1782 2037 ι.

458 2086 466 2095 ’
485 2080 584 2156 ltem
602 2074 794 2186 Augustini
811 2074 899 2155 libii
921 2104 970 2181 15.
987 2069 1308 2175 decivitateDei,
1327 2102 1364 2153 it.
1385 2075 1424 2150 in
1442 2075 1630 2153 volumine
1649 2104 1738 2174 uuo,
1763 2120 1785 2150 «ι
1830 2078 1863 2159 Γ

391 2239 395 2247 0
431 2195 469 2265 ti
487 2211 525 2263 v.
549 2185 587 2260 in
604 2186 690 2262 alio.

485 2290 735 2373 Historiarum
752 2292 986 2400 antiquarum
1004 2315 1116 2370 xiiii.
1135 2287 1201 2366 lib.
1224 2291 1340 2400 Trogi
1359 2291 1547 2397 Pompeii..
1763 2337 1783 2366 .
1823 2294 1863 2376 T

484 2400 672 2506 Expositio
691 2400 728 2477 in
746 2401 989 2509 Evangelium
1008 2397 1184 2475 Matthaei
1201 2395 1301 2474 edita
1329 2398 1453 2477 nescio
1475 2397 1588 2505 iqno
1606 2400 1738 2479 autho·
1764 2446 1784 2473 a
1828 2405 1862 2480 Γ

431 2529 493 2605 re,
516 2533 602 2584 cum
625 2510 779 2616 prologo
804 2506 851 2586 ad
878 2531 991 2611 caput
1016 2508 1169 2607 junilo:
1194 2504 1255 2582 iiic
1281 2506 1372 2584 libet
1398 2506 1446 2584 sic
1469 2510 1628 2617 incipit:
1652 2525 1738 2588 cum
1762 2552 1784 2582 i.

432 2614 593 2723 diligenti
604 2618 724 2719 studio
742 2671 752 2701 ,
772 2646 813 2692 oc
838 2644 910 2693 com
925 2613 1076 2719 sollicito
1097 2614 1242 2713 diverſss
1261 2617 1459 2717 testimoniis
1481 2615 1736 2729 Prophetarum,
1762 2662 1784 2692 a

431 2725 725 2832 Evangeltstorom
752 2751 927 2802 nuncium
955 2725 1114 2796 volumus
1137 2719 1321 2829 approbare.
1344 2723 1460 2798 οΗοο
1488 2750 1616 2802 autem
1645 2752 1737 2831 opus
1762 2769 1786 2799 a

434 2826 557 2908 tendit
575 2830 688 2935 usquc
704 2829 752 2907 ad
766 2829 1031 2935 Evangelium‚
1053 2854 1128 2931 quo
1140 2831 1191 2902 ait
1204 2859 1213 2903 :
1226 2839 1321 2905 Tunc
1334 2827 1438 2906 obliti
1446 2829 1534 2935 fient
1548 2841 1579 2907 ei
1593 2837 1738 2942 parvuli
1762 2878 1784 2907 ι

432 2958 475 3013 iot
488 2964 605 3017 nanos
622 2946 674 3016 eis
692 2945 878 3046 imponeret
905 2936 949 3024 ὠ
968 2958 1105 3014 onaret:
1130 2943 1169 3012 dc
1191 2931 1371 3013 dividitur
1394 2938 1570 3044 expositio
1596 2942 1736 3020 libriin
1762 2988 1783 3014 η

433 3064 576 3128 txmii.
593 3047 766 3151 capitula.
1762 3095 1784 3122 .

488 3154 701 3249 Memento,
710 3149 872 3258 prudens
883 3151 1037 3252 ledor,
1054 3149 1141 3257 quia
1158 3148 1281 3230 solerti
1299 3179 1383 3231 cura
1404 3155 1494 3258 (ſse)
1510 3156 1736 3237 strenuilliuii
1761 3202 1786 3232 2

433 3259 595 3341 Abbati:
606 3263 830 3369 Hieronymi
847 3259 1009 3368 superius
1024 3258 1263 3355 diiii,omnes
1278 3288 1373 3368 pene
1387 3265 1738 3367 supracommcmo-
1762 3311 1784 3341 a

431 3391 530 3448 ratos
546 3368 660 3447 libros
677 3365 849 3478 diligenti
864 3370 930 3447 fibi
945 3372 1120 3447 exercitio
1137 3370 1211 3469 jam
1229 3366 1384 3448 scribere
1395 3366 1498 3449 fecit.
1528 3370 1622 3453 ldeo
1637 3379 1738 3456 euim
1762 3419 1783 3446 a

433 3473 523 3578 dixi,
533 3503 643 3584 pene,
652 3480 740 3582 quia
757 3477 935 3585 quosdam
948 3503 1040 3583 quos
1050 3474 1188 3556 sanous
1198 3477 1421 3587 Augustinus
1439 3480 1477 3558 iu
1494 3481 1592 3562 libro
1603 3487 1736 3563 Retra-
1762 3529 1782 3556 υ

432 3584 635 3664 dationum
651 3612 942 3682 commemorat,
959 3590 1039 3689 ejus
1057 3581 1171 3664 avidae
1187 3611 1316 3663 marius
1326 3584 1493 3665 nundum
1511 3591 1601 3691 (stc)
1622 3598 1735 3672 attin·
1762 3634 1783 3663 η

461 3721 521 3771 ete
538 3697 742 3773 valuerunt.
780 3693 886 3772 Unde
907 3692 1015 3802 sagax
1035 3695 1223 3803 ingenium
1242 3698 1341 3773 iliius
1357 3722 1563 3801 numquam
1581 3700 1736 3806 quiescit
1761 3744 1783 3771 o

432 3721 563 3883 iccium
589 3803 781 3911 rogitando
808 3816 847 3884 δι
870 3804 1137 3909 ροῐωηᾶαηαο
1162 3802 1225 3879 ubi
1254 3802 1397 3882 habiles
1427 3802 1630 3886 sanslorum
1649 3813 1735 3892 libri
1762 3852 1781 3877 a

433 3912 600 4011 latitent,
621 3938 802 4018 quatenus
820 3909 868 3991 ad
885 3938 1012 3991 eorum
1027 3908 1240 4017 indaginem
1256 3916 1469 4018 pervenire,
1489 3928 1526 3997 δι
1538 3914 1603 3998 suo
1615 3949 1733 3998 arma.
1762 3975 1780 3986 ..

434 4021 492 4097 rio
515 4016 651 4106 addere
672 4028 827 4106 valeat:
857 4045 899 4099 ut
924 4022 1020 4097 inter
1039 4022 1185 4098 Italicas
1205 4021 1447 4128 pomposiana
1473 4028 1567 4104 mire
1592 4023 1735 4136 fulgeat
1760 4066 1782 4094 a

432 4128 598 4207 ecclelia.
625 4130 852 4219 OmniaDei
870 4131 1067 4208 clementia
1084 4131 1181 4205 circa
1192 4126 1380 4233 suos,quae
1391 4128 1439 4208 fic
1453 4130 1567 4212 iidem
1585 4138 1735 4244 flagrare
1761 4173 1781 4201 «ι

434 4232 610 4331 facit,.ut
629 4238 725 4341 quasi
741 4234 895 4315 esurieris
914 4235 1085 4317 comedat
1099 4264 1169 4315 nec
1187 4233 1360 4334 satietur,
1376 4238 1501 4317 sitiens⁴
1512 4242 1640 4320 ebibat
1655 4271 1735 4320 am·
1762 4282 1782 4309 o

435 4340 602 4449 pliusque
615 4346 718 4421 sitiat.
751 4347 901 4451 Qippe
918 4344 1129 4425 desiderium
1149 4346 1268 4446 illius,
1285 4345 1438 4426 moduni
1458 4351 1496 4423 iii
1515 4352 1734 4453 requirendo
1762 4390 1783 4419 ‹s-

435 4480 511 4528 non
532 4454 665 4555 reperit
685 4458 815 4551 ullum,
829 4453 891 4533 sed
908 4459 1132 4548 anhelanter,
1143 4456 1371 4563 operoseque
1386 4456 1580 4553 annititur,
1590 4487 1678 4563 qun,
1698 4460 1735 4537 se
1762 4498 1781 4524 o

436 4564 537 4657 nivo,
550 4565 684 4641 eximia
695 4561 877 4644 librorum
892 4568 1000 4671 copia
1010 4567 1198 4676 propriam
1209 4563 1529 4651 diteeficclefiam.
1562 4566 1633 4647 Sed
1649 4572 1735 4674 quia
1763 4607 1780 4627 ¹·
