<?xml version="1.0" encoding="UTF-8"?>
<!DOCTYPE html PUBLIC "-//W3C//DTD XHTML 1.0 Transitional//EN"
    "http://www.w3.org/TR/xhtml1/DTD/xhtml1-transitional.dtd">
<html xmlns="http://www.w3.org/1999/xhtml" xml:lang="en" lang="en">
 <head>
  <title>
</title>
<meta http-equiv="Content-Type" content="text/html;charset=utf-8" />
  <meta name='ocr-system' content='tesseract 3.04.00' />
  <meta name='ocr-capabilities' content='ocr_page ocr_carea ocr_par ocr_line ocrx_word'/>
</head>
<body>
  <div class='ocr_page' id='page_1' title='image "./diariumitalicum00montgoog_0072.png"; bbox 0 0 4060 5700; ppageno 0'>
   <div class='ocr_carea' id='block_1_1' title="bbox 676 496 1980 4698">
    <p class='ocr_par' dir='ltr' id='par_1_1' title="bbox 676 496 1980 4698">
     <span class='ocr_line' id='line_1_1' title="bbox 1159 496 1978 637; baseline -0.002 -38"><span class='ocrx_word' id='word_1_1' title='bbox 1159 505 1289 637; x_wconf 81' lang='lat' dir='ltr'>Caput</span> <span class='ocrx_word' id='word_1_2' title='bbox 1305 496 1528 604; x_wconf 80' lang='lat' dir='ltr'>Secundum.</span> <span class='ocrx_word' id='word_1_3' title='bbox 1657 573 1659 577; x_wconf 25' lang='lat'><em>⁷</em></span> <span class='ocrx_word' id='word_1_4' title='bbox 1862 603 1863 606; x_wconf 38' lang='lat'>.</span> <span class='ocrx_word' id='word_1_5' title='bbox 1925 540 1978 617; x_wconf 79' lang='lat'>²9</span> 
     </span>
     <span class='ocr_line' id='line_1_2' title="bbox 682 629 1979 738; baseline -0.008 -11"><span class='ocrx_word' id='word_1_6' title='bbox 682 638 900 727; x_wconf 72' lang='lat' dir='ltr'>Benedislus&#39;</span> <span class='ocrx_word' id='word_1_7' title='bbox 912 639 971 723; x_wconf 85' lang='lat' dir='ltr'>Vl</span> <span class='ocrx_word' id='word_1_8' title='bbox 982 637 1041 719; x_wconf 87' lang='lat' dir='ltr'>ll.</span> <span class='ocrx_word' id='word_1_9' title='bbox 1060 637 1269 738; x_wconf 76' lang='lat' dir='ltr'>Monachus</span> <span class='ocrx_word' id='word_1_10' title='bbox 1283 638 1438 715; x_wconf 81' lang='lat' dir='ltr'>Ordinis</span> <span class='ocrx_word' id='word_1_11' title='bbox 1451 632 1566 713; x_wconf 69' lang='lat' dir='ltr'>Sanni</span> <span class='ocrx_word' id='word_1_12' title='bbox 1579 629 1767 713; x_wconf 72' lang='lat' dir='ltr'>Benedidi</span> <span class='ocrx_word' id='word_1_13' title='bbox 1784 629 1916 713; x_wconf 89' lang='lat' dir='ltr'>multas</span> <span class='ocrx_word' id='word_1_14' title='bbox 1929 637 1979 716; x_wconf 87' lang='lat' dir='ltr'>ad</span> 
     </span>
     <span class='ocr_line' id='line_1_3' title="bbox 680 740 1976 848; baseline -0.012 -13"><span class='ocrx_word' id='word_1_15' title='bbox 680 757 854 835; x_wconf 87' lang='lat' dir='ltr'>Montem</span> <span class='ocrx_word' id='word_1_16' title='bbox 875 752 1062 831; x_wconf 76' lang='lat' dir='ltr'>cassinum</span> <span class='ocrx_word' id='word_1_17' title='bbox 1082 745 1253 847; x_wconf 78' lang='lat' dir='ltr'>reliquias</span> <span class='ocrx_word' id='word_1_18' title='bbox 1269 746 1480 821; x_wconf 64' lang='lat' dir='ltr'>Sandorum</span> <span class='ocrx_word' id='word_1_19' title='bbox 1501 740 1618 832; x_wconf 81' lang='lat' dir='ltr'>misit,</span> <span class='ocrx_word' id='word_1_20' title='bbox 1639 743 1734 817; x_wconf 91' lang='lat' dir='ltr'>inter</span> <span class='ocrx_word' id='word_1_21' title='bbox 1753 764 1841 848; x_wconf 89' lang='lat' dir='ltr'>quas</span> <span class='ocrx_word' id='word_1_22' title='bbox 1862 744 1976 834; x_wconf 87' lang='lat' dir='ltr'>aiunt,</span> 
     </span>
     <span class='ocr_line' id='line_1_4' title="bbox 681 847 1975 965; baseline -0.009 -28"><span class='ocrx_word' id='word_1_23' title='bbox 681 863 723 938; x_wconf 83' lang='lat' dir='ltr'>de</span> <span class='ocrx_word' id='word_1_24' title='bbox 745 861 911 965; x_wconf 79' lang='lat' dir='ltr'>stanguine</span> <span class='ocrx_word' id='word_1_25' title='bbox 938 873 984 934; x_wconf 90' lang='lat' dir='ltr'>D.</span> <span class='ocrx_word' id='word_1_26' title='bbox 1007 856 1219 960; x_wconf 80' lang='lat' dir='ltr'>Augustini,</span> <span class='ocrx_word' id='word_1_27' title='bbox 1248 872 1416 960; x_wconf 77' lang='lat' dir='ltr'>exceptum</span> <span class='ocrx_word' id='word_1_28' title='bbox 1434 849 1571 954; x_wconf 84' lang='lat' dir='ltr'>scilicet</span> <span class='ocrx_word' id='word_1_29' title='bbox 1595 877 1640 925; x_wconf 83' lang='lat' dir='ltr'>tx</span> <span class='ocrx_word' id='word_1_30' title='bbox 1664 848 1786 952; x_wconf 70' lang='lat' dir='ltr'>iifiiem</span> <span class='ocrx_word' id='word_1_31' title='bbox 1812 847 1975 952; x_wconf 81' lang='lat' dir='ltr'><em>vasculis.</em></span> 
     </span>
     <span class='ocr_line' id='line_1_5' title="bbox 680 950 1980 1075; baseline -0.009 -30"><span class='ocrx_word' id='word_1_32' title='bbox 680 970 837 1075; x_wconf 82' lang='lat' dir='ltr'>Sanguis</span> <span class='ocrx_word' id='word_1_33' title='bbox 858 991 981 1043; x_wconf 90' lang='lat' dir='ltr'>autem</span> <span class='ocrx_word' id='word_1_34' title='bbox 1002 963 1084 1059; x_wconf 86' lang='lat' dir='ltr'>iste,</span> <span class='ocrx_word' id='word_1_35' title='bbox 1104 963 1159 1038; x_wconf 94' lang='lat' dir='ltr'>uti</span> <span class='ocrx_word' id='word_1_36' title='bbox 1186 975 1357 1054; x_wconf 87' lang='lat' dir='ltr'>narrant,</span> <span class='ocrx_word' id='word_1_37' title='bbox 1388 981 1467 1031; x_wconf 92' lang='lat' dir='ltr'>tum</span> <span class='ocrx_word' id='word_1_38' title='bbox 1495 955 1652 1034; x_wconf 78' lang='lat' dir='ltr'>vasculis</span> <span class='ocrx_word' id='word_1_39' title='bbox 1676 952 1799 1031; x_wconf 88' lang='lat' dir='ltr'>vitreis</span> <span class='ocrx_word' id='word_1_40' title='bbox 1824 950 1980 1056; x_wconf 86' lang='lat' dir='ltr'>infusus,</span> 
     </span>
     <span class='ocr_line' id='line_1_6' title="bbox 681 1058 1980 1177; baseline -0.007 -26"><span class='ocrx_word' id='word_1_41' title='bbox 681 1101 767 1151; x_wconf 87' lang='lat' dir='ltr'>curn</span> <span class='ocrx_word' id='word_1_42' title='bbox 800 1072 966 1177; x_wconf 87' lang='lat' dir='ltr'>discipuli</span> <span class='ocrx_word' id='word_1_43' title='bbox 1001 1074 1074 1171; x_wconf 81' lang='lat' dir='ltr'>ejus</span> <span class='ocrx_word' id='word_1_44' title='bbox 1105 1064 1258 1144; x_wconf 79' lang='lat' dir='ltr'>cadaver</span> <span class='ocrx_word' id='word_1_45' title='bbox 1282 1060 1505 1141; x_wconf 81' lang='lat' dir='ltr'>aromatibus</span> <span class='ocrx_word' id='word_1_46' title='bbox 1531 1058 1749 1153; x_wconf 82' lang='lat' dir='ltr'>condirent,</span> <span class='ocrx_word' id='word_1_47' title='bbox 1776 1073 1814 1142; x_wconf 85' lang='lat'>&amp;</span> <span class='ocrx_word' id='word_1_48' title='bbox 1844 1067 1980 1168; x_wconf 84' lang='lat' dir='ltr'>apertis</span> 
     </span>
     <span class='ocr_line' id='line_1_7' title="bbox 681 1163 1976 1274; baseline -0.006 -17"><span class='ocrx_word' id='word_1_49' title='bbox 681 1181 852 1259; x_wconf 84' lang='lat' dir='ltr'>carnibus</span> <span class='ocrx_word' id='word_1_50' title='bbox 868 1172 1106 1256; x_wconf 87' lang='lat' dir='ltr'>immittendo</span> <span class='ocrx_word' id='word_1_51' title='bbox 1122 1171 1475 1267; x_wconf 85' lang='lat' dir='ltr'>balsamo,cruotem</span> <span class='ocrx_word' id='word_1_52' title='bbox 1485 1163 1643 1247; x_wconf 88' lang='lat' dir='ltr'>effusum</span> <span class='ocrx_word' id='word_1_53' title='bbox 1653 1167 1741 1245; x_wconf 81' lang='lat' dir='ltr'>vasis</span> <span class='ocrx_word' id='word_1_54' title='bbox 1753 1170 1976 1274; x_wconf 84' lang='lat' dir='ltr'>exciperent.</span> 
     </span>
     <span class='ocr_line' id='line_1_8' title="bbox 749 1276 1977 1392; baseline -0.011 -28"><span class='ocrx_word' id='word_1_55' title='bbox 749 1287 863 1364; x_wconf 87' lang='lat' dir='ltr'>Aliud</span> <span class='ocrx_word' id='word_1_56' title='bbox 896 1308 1155 1392; x_wconf 83' lang='lat' dir='ltr'>argumentum</span> <span class='ocrx_word' id='word_1_57' title='bbox 1194 1276 1451 1356; x_wconf 79' lang='lat' dir='ltr'>validissimum</span> <span class='ocrx_word' id='word_1_58' title='bbox 1484 1278 1559 1352; x_wconf 89' lang='lat' dir='ltr'>erui</span> <span class='ocrx_word' id='word_1_59' title='bbox 1593 1299 1755 1383; x_wconf 81' lang='lat' dir='ltr'>pugnant</span> <span class='ocrx_word' id='word_1_60' title='bbox 1789 1303 1834 1353; x_wconf 85' lang='lat' dir='ltr'>ex</span> <span class='ocrx_word' id='word_1_61' title='bbox 1860 1301 1977 1379; x_wconf 83' lang='lat' dir='ltr'>voce,</span> 
     </span>
     <span class='ocr_line' id='line_1_9' title="bbox 682 1379 1978 1488; baseline -0.01 -16"><span class='ocrx_word' id='word_1_62' title='bbox 682 1397 713 1472; x_wconf 88' lang='grc' dir='ltr'>Α</span> <span class='ocrx_word' id='word_1_63' title='bbox 728 1396 763 1471; x_wconf 88' lang='lat' dir='ltr'>G</span> <span class='ocrx_word' id='word_1_64' title='bbox 777 1398 815 1473; x_wconf 95' lang='lat' dir='ltr'>O</span> <span class='ocrx_word' id='word_1_65' title='bbox 829 1395 851 1471; x_wconf 84' lang='lat' dir='ltr'>S</span> <span class='ocrx_word' id='word_1_66' title='bbox 864 1396 926 1471; x_wconf 89' lang='lat' dir='ltr'>Tl</span> <span class='ocrx_word' id='word_1_67' title='bbox 942 1393 977 1469; x_wconf 93' lang='grc' dir='ltr'>Ν</span> <span class='ocrx_word' id='word_1_68' title='bbox 991 1394 1051 1486; x_wconf 89' lang='lat'>0,</span> <span class='ocrx_word' id='word_1_69' title='bbox 1066 1389 1196 1466; x_wconf 88' lang='lat' dir='ltr'>litteris</span> <span class='ocrx_word' id='word_1_70' title='bbox 1213 1386 1398 1464; x_wconf 86' lang='lat' dir='ltr'>Gotthicis</span> <span class='ocrx_word' id='word_1_71' title='bbox 1410 1382 1635 1488; x_wconf 83' lang='lat' dir='ltr'>conscripta;</span> <span class='ocrx_word' id='word_1_72' title='bbox 1650 1379 1841 1485; x_wconf 84' lang='lat' dir='ltr'>siquidem</span> <span class='ocrx_word' id='word_1_73' title='bbox 1861 1387 1898 1459; x_wconf 92' lang='lat' dir='ltr'>in</span> <span class='ocrx_word' id='word_1_74' title='bbox 1911 1382 1978 1460; x_wconf 91' lang='lat' dir='ltr'>de·</span> 
     </span>
     <span class='ocr_line' id='line_1_10' title="bbox 681 1485 1977 1579; baseline -0.009 -1"><span class='ocrx_word' id='word_1_75' title='bbox 681 1500 872 1579; x_wconf 86' lang='lat' dir='ltr'>molitione</span> <span class='ocrx_word' id='word_1_76' title='bbox 894 1500 1059 1575; x_wconf 84' lang='lat' dir='ltr'>lateritiae</span> <span class='ocrx_word' id='word_1_77' title='bbox 1077 1497 1186 1573; x_wconf 90' lang='lat' dir='ltr'>molis</span> <span class='ocrx_word' id='word_1_78' title='bbox 1200 1492 1342 1571; x_wconf 90' lang='lat' dir='ltr'>duobus</span> <span class='ocrx_word' id='word_1_79' title='bbox 1362 1496 1399 1570; x_wconf 91' lang='lat' dir='ltr'>in</span> <span class='ocrx_word' id='word_1_80' title='bbox 1416 1491 1505 1569; x_wconf 90' lang='lat' dir='ltr'>locis</span> <span class='ocrx_word' id='word_1_81' title='bbox 1525 1486 1608 1566; x_wconf 73' lang='lat' dir='ltr'>veri:</span> <span class='ocrx_word' id='word_1_82' title='bbox 1627 1489 1715 1566; x_wconf 67' lang='lat' dir='ltr'>ledia</span> <span class='ocrx_word' id='word_1_83' title='bbox 1726 1485 1849 1568; x_wconf 90' lang='lat' dir='ltr'>fuerit.</span> <span class='ocrx_word' id='word_1_84' title='bbox 1881 1492 1977 1568; x_wconf 76' lang='lat' dir='ltr'>Pra-</span> 
     </span>
     <span class='ocr_line' id='line_1_11' title="bbox 683 1592 1977 1713; baseline -0.009 -29"><span class='ocrx_word' id='word_1_85' title='bbox 683 1632 738 1684; x_wconf 87' lang='lat' dir='ltr'>ret</span> <span class='ocrx_word' id='word_1_86' title='bbox 758 1609 836 1686; x_wconf 78' lang='lat' dir='ltr'>lucc</span> <span class='ocrx_word' id='word_1_87' title='bbox 854 1628 1090 1713; x_wconf 83' lang='lat' dir='ltr'>argumenta,</span> <span class='ocrx_word' id='word_1_88' title='bbox 1109 1630 1192 1708; x_wconf 82' lang='lat' dir='ltr'>quae</span> <span class='ocrx_word' id='word_1_89' title='bbox 1210 1602 1335 1708; x_wconf 85' lang='lat' dir='ltr'>magni</span> <span class='ocrx_word' id='word_1_90' title='bbox 1355 1592 1426 1678; x_wconf 86' lang='lat' dir='ltr'>else</span> <span class='ocrx_word' id='word_1_91' title='bbox 1452 1598 1633 1676; x_wconf 86' lang='lat' dir='ltr'>momenti</span> <span class='ocrx_word' id='word_1_92' title='bbox 1656 1596 1876 1675; x_wconf 87' lang='lat' dir='ltr'>arbitrantur</span> <span class='ocrx_word' id='word_1_93' title='bbox 1897 1596 1977 1704; x_wconf 87' lang='lat' dir='ltr'>ipsi,</span> 
     </span>
     <span class='ocr_line' id='line_1_12' title="bbox 680 1703 1975 1818; baseline -0.008 -28"><span class='ocrx_word' id='word_1_94' title='bbox 680 1718 751 1792; x_wconf 85' lang='lat' dir='ltr'>alia</span> <span class='ocrx_word' id='word_1_95' title='bbox 775 1717 926 1791; x_wconf 78' lang='lat' dir='ltr'>iunioris</span> <span class='ocrx_word' id='word_1_96' title='bbox 956 1712 1059 1818; x_wconf 88' lang='lat' dir='ltr'>pretii</span> <span class='ocrx_word' id='word_1_97' title='bbox 1090 1706 1305 1788; x_wconf 88' lang='lat' dir='ltr'>adferuntur</span> <span class='ocrx_word' id='word_1_98' title='bbox 1339 1708 1377 1782; x_wconf 91' lang='lat' dir='ltr'>in</span> <span class='ocrx_word' id='word_1_99' title='bbox 1402 1705 1585 1810; x_wconf 87' lang='lat' dir='ltr'>rescriptis</span> <span class='ocrx_word' id='word_1_100' title='bbox 1610 1703 1975 1810; x_wconf 80' lang='lat' dir='ltr'>Augustiuianorurn,</span> 
     </span>
     <span class='ocr_line' id='line_1_13' title="bbox 682 1809 1976 1924; baseline -0.01 -26"><span class='ocrx_word' id='word_1_101' title='bbox 682 1849 763 1923; x_wconf 83' lang='lat' dir='ltr'>quae</span> <span class='ocrx_word' id='word_1_102' title='bbox 783 1820 864 1897; x_wconf 83' lang='lat' dir='ltr'>saue</span> <span class='ocrx_word' id='word_1_103' title='bbox 882 1817 1013 1924; x_wconf 88' lang='lat' dir='ltr'>scripta</span> <span class='ocrx_word' id='word_1_104' title='bbox 1027 1818 1192 1894; x_wconf 87' lang='lat' dir='ltr'>intricata</span> <span class='ocrx_word' id='word_1_105' title='bbox 1210 1813 1316 1908; x_wconf 84' lang='lat' dir='ltr'>sunt,</span> <span class='ocrx_word' id='word_1_106' title='bbox 1335 1823 1372 1893; x_wconf 77' lang='grc' dir='ltr'>δι</span> <span class='ocrx_word' id='word_1_107' title='bbox 1391 1809 1550 1917; x_wconf 88' lang='lat' dir='ltr'>respersa</span> <span class='ocrx_word' id='word_1_108' title='bbox 1569 1810 1787 1889; x_wconf 75' lang='lat' dir='ltr'>testimoniis</span> <span class='ocrx_word' id='word_1_109' title='bbox 1808 1812 1976 1887; x_wconf 82' lang='lat' dir='ltr'>Canoni-</span> 
     </span>
     <span class='ocr_line' id='line_1_14' title="bbox 680 1913 1976 2029; baseline -0.008 -25"><span class='ocrx_word' id='word_1_110' title='bbox 680 1929 838 2024; x_wconf 84' lang='lat' dir='ltr'>starum,</span> <span class='ocrx_word' id='word_1_111' title='bbox 852 1933 1048 2021; x_wconf 83' lang='lat' dir='ltr'>Lezzanae,</span> <span class='ocrx_word' id='word_1_112' title='bbox 1073 1923 1299 2029; x_wconf 85' lang='lat' dir='ltr'>Tiraquelli,</span> <span class='ocrx_word' id='word_1_113' title='bbox 1319 1922 1455 1997; x_wconf 77' lang='lat' dir='ltr'>bartoli</span> <span class='ocrx_word' id='word_1_114' title='bbox 1467 1981 1479 2019; x_wconf 87' lang='lat'>,</span> <span class='ocrx_word' id='word_1_115' title='bbox 1501 1919 1564 2024; x_wconf 94' lang='lat' dir='ltr'>qui</span> <span class='ocrx_word' id='word_1_116' title='bbox 1580 1917 1672 1995; x_wconf 90' lang='lat' dir='ltr'>nihil</span> <span class='ocrx_word' id='word_1_117' title='bbox 1691 1913 1834 2021; x_wconf 81' lang='lat' dir='ltr'>possunt</span> <span class='ocrx_word' id='word_1_118' title='bbox 1851 1916 1921 1993; x_wconf 84' lang='lat' dir='ltr'>hac</span> <span class='ocrx_word' id='word_1_119' title='bbox 1938 1920 1976 1994; x_wconf 89' lang='lat' dir='ltr'>in</span> 
     </span>
     <span class='ocr_line' id='line_1_15' title="bbox 682 2027 1675 2137; baseline -0.003 -27"><span class='ocrx_word' id='word_1_120' title='bbox 682 2060 785 2137; x_wconf 85' lang='lat' dir='ltr'>parre</span> <span class='ocrx_word' id='word_1_121' title='bbox 803 2034 1018 2111; x_wconf 84' lang='lat' dir='ltr'>adminiculi</span> <span class='ocrx_word' id='word_1_122' title='bbox 1040 2027 1190 2109; x_wconf 87' lang='lat' dir='ltr'>adferre.</span> <span class='ocrx_word' id='word_1_123' title='bbox 1647 2119 1649 2124; x_wconf 85' lang='lat'>.</span> <span class='ocrx_word' id='word_1_124' title='bbox 1672 2124 1675 2130; x_wconf 18' lang='grc' dir='ltr'>Ι</span> 
     </span>
     <span class='ocr_line' id='line_1_16' title="bbox 735 2135 1975 2245; baseline -0.005 -27"><span class='ocrx_word' id='word_1_125' title='bbox 735 2142 823 2219; x_wconf 89' lang='lat' dir='ltr'>Non</span> <span class='ocrx_word' id='word_1_126' title='bbox 839 2139 969 2217; x_wconf 87' lang='lat' dir='ltr'>desunt</span> <span class='ocrx_word' id='word_1_127' title='bbox 987 2165 1114 2215; x_wconf 90' lang='lat' dir='ltr'>tamen</span> <span class='ocrx_word' id='word_1_128' title='bbox 1131 2141 1195 2245; x_wconf 91' lang='lat' dir='ltr'>qui</span> <span class='ocrx_word' id='word_1_129' title='bbox 1213 2135 1260 2215; x_wconf 92' lang='lat' dir='ltr'>de</span> <span class='ocrx_word' id='word_1_130' title='bbox 1277 2139 1433 2217; x_wconf 82' lang='lat' dir='ltr'>veritate</span> <span class='ocrx_word' id='word_1_131' title='bbox 1448 2137 1625 2216; x_wconf 87' lang='lat' dir='ltr'>harumce</span> <span class='ocrx_word' id='word_1_132' title='bbox 1637 2136 1867 2241; x_wconf 89' lang='lat' dir='ltr'>reliquiarum</span> <span class='ocrx_word' id='word_1_133' title='bbox 1888 2162 1975 2213; x_wconf 86' lang='lat' dir='ltr'>cum</span> 
     </span>
     <span class='ocr_line' id='line_1_17' title="bbox 681 2240 1975 2351; baseline -0.003 -28"><span class='ocrx_word' id='word_1_134' title='bbox 681 2250 795 2324; x_wconf 88' lang='lat' dir='ltr'>verbo</span> <span class='ocrx_word' id='word_1_135' title='bbox 816 2273 897 2326; x_wconf 85' lang='lat' dir='ltr'>tutu</span> <span class='ocrx_word' id='word_1_136' title='bbox 917 2247 1056 2351; x_wconf 89' lang='lat' dir='ltr'>scriptis</span> <span class='ocrx_word' id='word_1_137' title='bbox 1084 2246 1339 2323; x_wconf 81' lang='lat' dir='ltr'>controversias</span> <span class='ocrx_word' id='word_1_138' title='bbox 1367 2271 1568 2342; x_wconf 85' lang='lat' dir='ltr'>moveant,</span> <span class='ocrx_word' id='word_1_139' title='bbox 1602 2259 1639 2326; x_wconf 85' lang='lat'>&amp;</span> <span class='ocrx_word' id='word_1_140' title='bbox 1659 2240 1788 2319; x_wconf 87' lang='lat' dir='ltr'>dicunt</span> <span class='ocrx_word' id='word_1_141' title='bbox 1810 2244 1975 2319; x_wconf 84' lang='lat' dir='ltr'>historias</span> 
     </span>
     <span class='ocr_line' id='line_1_18' title="bbox 680 2345 1976 2459; baseline -0.003 -31"><span class='ocrx_word' id='word_1_142' title='bbox 680 2356 813 2456; x_wconf 88' lang='lat' dir='ltr'>quibus</span> <span class='ocrx_word' id='word_1_143' title='bbox 827 2353 1235 2458; x_wconf 83' lang='lat' dir='ltr'>utunturAugustiniaui</span> <span class='ocrx_word' id='word_1_144' title='bbox 1253 2380 1328 2430; x_wconf 91' lang='lat' dir='ltr'>non</span> <span class='ocrx_word' id='word_1_145' title='bbox 1347 2350 1463 2459; x_wconf 90' lang='lat' dir='ltr'>usque</span> <span class='ocrx_word' id='word_1_146' title='bbox 1479 2350 1573 2429; x_wconf 84' lang='lat' dir='ltr'>adeo</span> <span class='ocrx_word' id='word_1_147' title='bbox 1586 2373 1707 2430; x_wconf 62' lang='lat' dir='ltr'>‘certas</span> <span class='ocrx_word' id='word_1_148' title='bbox 1725 2345 1816 2445; x_wconf 79' lang='lat' dir='ltr'>ess&#39;e,</span> <span class='ocrx_word' id='word_1_149' title='bbox 1835 2373 1878 2424; x_wconf 92' lang='lat' dir='ltr'>ut</span> <span class='ocrx_word' id='word_1_150' title='bbox 1894 2348 1976 2452; x_wconf 61' lang='lat' dir='ltr'>poss</span> 
     </span>
     <span class='ocr_line' id='line_1_19' title="bbox 680 2453 1976 2567; baseline 0 -32"><span class='ocrx_word' id='word_1_151' title='bbox 680 2458 746 2535; x_wconf 82' lang='lat' dir='ltr'>siut</span> <span class='ocrx_word' id='word_1_152' title='bbox 762 2488 807 2538; x_wconf 88' lang='lat' dir='ltr'>ex</span> <span class='ocrx_word' id='word_1_153' title='bbox 823 2489 946 2538; x_wconf 83' lang='lat' dir='ltr'>earum</span> <span class='ocrx_word' id='word_1_154' title='bbox 965 2460 1176 2537; x_wconf 83' lang='lat' dir='ltr'>testimonio</span> <span class='ocrx_word' id='word_1_155' title='bbox 1192 2487 1291 2538; x_wconf 86' lang='lat' dir='ltr'>certa</span> <span class='ocrx_word' id='word_1_156' title='bbox 1308 2463 1384 2537; x_wconf 88' lang='lat' dir='ltr'>erui</span> <span class='ocrx_word' id='word_1_157' title='bbox 1402 2485 1636 2567; x_wconf 86' lang='lat' dir='ltr'>argumenta,</span> <span class='ocrx_word' id='word_1_158' title='bbox 1649 2484 1729 2558; x_wconf 83' lang='lat' dir='ltr'>qua:</span> <span class='ocrx_word' id='word_1_159' title='bbox 1747 2453 1838 2532; x_wconf 85' lang='lat' dir='ltr'>satis</span> <span class='ocrx_word' id='word_1_160' title='bbox 1850 2461 1918 2532; x_wconf 89' lang='lat' dir='ltr'>lint</span> <span class='ocrx_word' id='word_1_161' title='bbox 1934 2481 1976 2535; x_wconf 89' lang='lat' dir='ltr'>ut</span> 
     </span>
     <span class='ocr_line' id='line_1_20' title="bbox 679 2560 1975 2673; baseline -0.001 -31"><span class='ocrx_word' id='word_1_162' title='bbox 679 2565 887 2663; x_wconf 86' lang='lat' dir='ltr'>hujusmodi</span> <span class='ocrx_word' id='word_1_163' title='bbox 911 2568 1070 2670; x_wconf 88' lang='lat' dir='ltr'>reliquiae</span> <span class='ocrx_word' id='word_1_164' title='bbox 1088 2568 1306 2673; x_wconf 87' lang='lat' dir='ltr'>populorum</span> <span class='ocrx_word' id='word_1_165' title='bbox 1330 2569 1443 2642; x_wconf 93' lang='lat' dir='ltr'>cultui</span> <span class='ocrx_word' id='word_1_166' title='bbox 1463 2592 1623 2673; x_wconf 87' lang='lat' dir='ltr'>pateant.</span> <span class='ocrx_word' id='word_1_167' title='bbox 1663 2566 1764 2640; x_wconf 92' lang='lat' dir='ltr'>Turn</span> <span class='ocrx_word' id='word_1_168' title='bbox 1781 2591 1825 2639; x_wconf 84' lang='lat' dir='ltr'>ex</span> <span class='ocrx_word' id='word_1_169' title='bbox 1846 2560 1975 2641; x_wconf 87' lang='lat' dir='ltr'>iisdem</span> 
     </span>
     <span class='ocr_line' id='line_1_21' title="bbox 679 2666 1974 2781; baseline 0 -33"><span class='ocrx_word' id='word_1_170' title='bbox 679 2669 835 2751; x_wconf 86' lang='lat' dir='ltr'>historiis</span> <span class='ocrx_word' id='word_1_171' title='bbox 856 2675 979 2752; x_wconf 89' lang='lat' dir='ltr'>haberi</span> <span class='ocrx_word' id='word_1_172' title='bbox 1005 2699 1136 2777; x_wconf 82' lang='lat' dir='ltr'>corpus</span> <span class='ocrx_word' id='word_1_173' title='bbox 1169 2675 1206 2750; x_wconf 80' lang='lat' dir='ltr'>S.</span> <span class='ocrx_word' id='word_1_174' title='bbox 1232 2674 1419 2781; x_wconf 83' lang='lat' dir='ltr'>Augustini</span> <span class='ocrx_word' id='word_1_175' title='bbox 1440 2672 1676 2750; x_wconf 88' lang='lat' dir='ltr'>reconditum</span> <span class='ocrx_word' id='word_1_176' title='bbox 1699 2666 1803 2748; x_wconf 79' lang='lat' dir='ltr'>fuisse</span> <span class='ocrx_word' id='word_1_177' title='bbox 1832 2672 1869 2745; x_wconf 91' lang='lat' dir='ltr'>in</span> <span class='ocrx_word' id='word_1_178' title='bbox 1892 2698 1974 2774; x_wconf 89' lang='lat' dir='ltr'>pro·</span> 
     </span>
     <span class='ocr_line' id='line_1_22' title="bbox 678 2770 1972 2884; baseline 0.003 -31"><span class='ocrx_word' id='word_1_179' title='bbox 678 2770 803 2857; x_wconf 86' lang='lat' dir='ltr'>fundo</span> <span class='ocrx_word' id='word_1_180' title='bbox 821 2808 865 2859; x_wconf 92' lang='lat' dir='ltr'>ac</span> <span class='ocrx_word' id='word_1_181' title='bbox 877 2778 1104 2857; x_wconf 85' lang='lat' dir='ltr'>secretissimo</span> <span class='ocrx_word' id='word_1_182' title='bbox 1122 2784 1227 2875; x_wconf 87' lang='lat' dir='ltr'>loco,</span> <span class='ocrx_word' id='word_1_183' title='bbox 1243 2803 1356 2884; x_wconf 87' lang='lat' dir='ltr'>atque</span> <span class='ocrx_word' id='word_1_184' title='bbox 1372 2778 1550 2856; x_wconf 88' lang='lat' dir='ltr'>traditum</span> <span class='ocrx_word' id='word_1_185' title='bbox 1572 2802 1753 2884; x_wconf 80' lang='lat' dir='ltr'>perpetua:</span> <span class='ocrx_word' id='word_1_186' title='bbox 1767 2779 1972 2881; x_wconf 77' lang='lat' dir='ltr'>sepulturae,</span> 
     </span>
     <span class='ocr_line' id='line_1_23' title="bbox 679 2885 1975 2993; baseline 0.002 -34"><span class='ocrx_word' id='word_1_187' title='bbox 679 2910 821 2965; x_wconf 90' lang='lat' dir='ltr'>utnon</span> <span class='ocrx_word' id='word_1_188' title='bbox 848 2886 990 2993; x_wconf 88' lang='lat' dir='ltr'>possent</span> <span class='ocrx_word' id='word_1_189' title='bbox 1018 2886 1132 2989; x_wconf 90' lang='lat' dir='ltr'>abripi</span> <span class='ocrx_word' id='word_1_190' title='bbox 1164 2886 1400 2990; x_wconf 81' lang='lat' dir='ltr'>&amp;exportari</span> <span class='ocrx_word' id='word_1_191' title='bbox 1426 2923 1435 2970; x_wconf 92' lang='lat'>;</span> <span class='ocrx_word' id='word_1_192' title='bbox 1462 2886 1597 2987; x_wconf 90' lang='lat' dir='ltr'>quibus</span> <span class='ocrx_word' id='word_1_193' title='bbox 1623 2885 1975 2990; x_wconf 86' lang='lat' dir='ltr'>permotusGrego-</span> 
     </span>
     <span class='ocr_line' id='line_1_24' title="bbox 678 2990 1975 3096; baseline 0.002 -30"><span class='ocrx_word' id='word_1_194' title='bbox 678 2994 752 3068; x_wconf 85' lang='lat' dir='ltr'>rius</span> <span class='ocrx_word' id='word_1_195' title='bbox 771 2996 897 3073; x_wconf 89' lang='lat' dir='ltr'>XIV.</span> <span class='ocrx_word' id='word_1_196' title='bbox 917 2993 1215 3071; x_wconf 83' lang='lat' dir='ltr'>constitutionem</span> <span class='ocrx_word' id='word_1_197' title='bbox 1234 2992 1353 3068; x_wconf 85' lang='lat' dir='ltr'>edidit</span> <span class='ocrx_word' id='word_1_198' title='bbox 1374 2990 1438 3067; x_wconf 92' lang='lat' dir='ltr'>sub</span> <span class='ocrx_word' id='word_1_199' title='bbox 1452 2991 1848 3068; x_wconf 85' lang='lat' dir='ltr'>excommunicationis</span> <span class='ocrx_word' id='word_1_200' title='bbox 1866 3018 1975 3096; x_wconf 82' lang='lat' dir='ltr'>poena</span> 
     </span>
     <span class='ocr_line' id='line_1_25' title="bbox 679 3094 1976 3204; baseline 0.002 -31"><span class='ocrx_word' id='word_1_201' title='bbox 679 3094 728 3173; x_wconf 90' lang='lat' dir='ltr'>de</span> <span class='ocrx_word' id='word_1_202' title='bbox 745 3126 820 3175; x_wconf 89' lang='lat' dir='ltr'>non</span> <span class='ocrx_word' id='word_1_203' title='bbox 836 3101 1087 3204; x_wconf 88' lang='lat' dir='ltr'>perquirendis</span> <span class='ocrx_word' id='word_1_204' title='bbox 1108 3100 1216 3175; x_wconf 75' lang='lat' dir='ltr'>sansli</span> <span class='ocrx_word' id='word_1_205' title='bbox 1235 3100 1407 3175; x_wconf 65' lang='lat' dir='ltr'>Dostoris</span> <span class='ocrx_word' id='word_1_206' title='bbox 1420 3099 1592 3201; x_wconf 90' lang='lat' dir='ltr'>reliquiis.</span> <span class='ocrx_word' id='word_1_207' title='bbox 1626 3100 1719 3175; x_wconf 81' lang='lat' dir='ltr'>Haec</span> <span class='ocrx_word' id='word_1_208' title='bbox 1738 3123 1861 3176; x_wconf 90' lang='lat' dir='ltr'>autem</span> <span class='ocrx_word' id='word_1_209' title='bbox 1884 3104 1976 3175; x_wconf 88' lang='lat' dir='ltr'>late·</span> 
     </span>
     <span class='ocr_line' id='line_1_26' title="bbox 679 3200 1974 3314; baseline 0.002 -35"><span class='ocrx_word' id='word_1_210' title='bbox 679 3205 764 3280; x_wconf 86' lang='lat' dir='ltr'>ritia</span> <span class='ocrx_word' id='word_1_211' title='bbox 782 3211 910 3300; x_wconf 80' lang='lat' dir='ltr'>moles,</span> <span class='ocrx_word' id='word_1_212' title='bbox 928 3218 965 3283; x_wconf 77' lang='lat' dir='ltr'>be</span> <span class='ocrx_word' id='word_1_213' title='bbox 981 3233 1063 3282; x_wconf 83' lang='lat' dir='ltr'>arca</span> <span class='ocrx_word' id='word_1_214' title='bbox 1082 3210 1181 3282; x_wconf 90' lang='lat' dir='ltr'>intus</span> <span class='ocrx_word' id='word_1_215' title='bbox 1199 3206 1361 3299; x_wconf 89' lang='lat' dir='ltr'>inclusa,</span> <span class='ocrx_word' id='word_1_216' title='bbox 1378 3205 1610 3314; x_wconf 85' lang='lat' dir='ltr'>erigebantur</span> <span class='ocrx_word' id='word_1_217' title='bbox 1627 3200 1648 3281; x_wconf 82' lang='grc' dir='ltr'>ὲ</span> <span class='ocrx_word' id='word_1_218' title='bbox 1664 3229 1778 3304; x_wconf 85' lang='lat' dir='ltr'>tetra,</span> <span class='ocrx_word' id='word_1_219' title='bbox 1793 3208 1844 3282; x_wconf 92' lang='lat' dir='ltr'>uti</span> <span class='ocrx_word' id='word_1_220' title='bbox 1865 3203 1974 3311; x_wconf 92' lang='lat' dir='ltr'>supe-</span> 
     </span>
     <span class='ocr_line' id='line_1_27' title="bbox 679 3309 1975 3415; baseline 0.004 -31"><span class='ocrx_word' id='word_1_221' title='bbox 679 3312 754 3385; x_wconf 88' lang='lat' dir='ltr'>rius</span> <span class='ocrx_word' id='word_1_222' title='bbox 774 3314 996 3389; x_wconf 84' lang='lat' dir='ltr'>narravimus</span> <span class='ocrx_word' id='word_1_223' title='bbox 1017 3347 1025 3389; x_wconf 75' lang='grc' dir='ltr'><strong>ε</strong></span> <span class='ocrx_word' id='word_1_224' title='bbox 1049 3325 1085 3391; x_wconf 85' lang='lat'>&amp;</span> <span class='ocrx_word' id='word_1_225' title='bbox 1107 3314 1157 3387; x_wconf 89' lang='lat' dir='ltr'>ita</span> <span class='ocrx_word' id='word_1_226' title='bbox 1182 3311 1462 3415; x_wconf 86' lang='lat' dir='ltr'>prominebant,</span> <span class='ocrx_word' id='word_1_227' title='bbox 1485 3338 1525 3386; x_wconf 88' lang='lat' dir='ltr'>ut</span> <span class='ocrx_word' id='word_1_228' title='bbox 1545 3309 1742 3390; x_wconf 88' lang='lat' dir='ltr'>absurdum</span> <span class='ocrx_word' id='word_1_229' title='bbox 1768 3309 1853 3389; x_wconf 84' lang='lat' dir='ltr'>esset</span> <span class='ocrx_word' id='word_1_230' title='bbox 1881 3316 1975 3389; x_wconf 88' lang='lat' dir='ltr'>late·</span> 
     </span>
     <span class='ocr_line' id='line_1_28' title="bbox 680 3416 1974 3523; baseline 0.002 -29"><span class='ocrx_word' id='word_1_231' title='bbox 680 3417 825 3494; x_wconf 84' lang='lat' dir='ltr'>braruni</span> <span class='ocrx_word' id='word_1_232' title='bbox 854 3447 989 3495; x_wconf 85' lang='lat' dir='ltr'>nomen</span> <span class='ocrx_word' id='word_1_233' title='bbox 1019 3447 1062 3495; x_wconf 89' lang='lat' dir='ltr'>ac</span> <span class='ocrx_word' id='word_1_234' title='bbox 1092 3419 1248 3523; x_wconf 86' lang='lat' dir='ltr'>speciem</span> <span class='ocrx_word' id='word_1_235' title='bbox 1279 3422 1319 3497; x_wconf 87' lang='lat' dir='ltr'>iis</span> <span class='ocrx_word' id='word_1_236' title='bbox 1348 3417 1557 3495; x_wconf 88' lang='lat' dir='ltr'>adscribere.</span> <span class='ocrx_word' id='word_1_237' title='bbox 1604 3416 1758 3496; x_wconf 80' lang='lat' dir='ltr'>Addunt</span> <span class='ocrx_word' id='word_1_238' title='bbox 1781 3418 1974 3497; x_wconf 76' lang='lat' dir='ltr'>Chronica</span> 
     </span>
     <span class='ocr_line' id='line_1_29' title="bbox 679 3523 1972 3631; baseline -0.001 -30"><span class='ocrx_word' id='word_1_239' title='bbox 679 3526 833 3621; x_wconf 73' lang='lat' dir='ltr'>Brixia,</span> <span class='ocrx_word' id='word_1_240' title='bbox 853 3523 1176 3629; x_wconf 86' lang='lat' dir='ltr'>&amp;inscriptionem</span> <span class='ocrx_word' id='word_1_241' title='bbox 1195 3554 1276 3627; x_wconf 85' lang='lat' dir='ltr'>qua:</span> <span class='ocrx_word' id='word_1_242' title='bbox 1292 3528 1426 3629; x_wconf 82' lang='lat' dir='ltr'>legitur</span> <span class='ocrx_word' id='word_1_243' title='bbox 1441 3524 1460 3601; x_wconf 75' lang='grc' dir='ltr'>Ῐι</span> <span class='ocrx_word' id='word_1_244' title='bbox 1478 3525 1617 3602; x_wconf 85' lang='lat' dir='ltr'>sinistris</span> <span class='ocrx_word' id='word_1_245' title='bbox 1630 3523 1748 3602; x_wconf 89' lang='lat' dir='ltr'>sacelli</span> <span class='ocrx_word' id='word_1_246' title='bbox 1771 3526 1807 3602; x_wconf 86' lang='lat' dir='ltr'>S.</span> <span class='ocrx_word' id='word_1_247' title='bbox 1820 3527 1972 3631; x_wconf 85' lang='lat' dir='ltr'>Apiani,</span> 
     </span>
     <span class='ocr_line' id='line_1_30' title="bbox 678 3628 1974 3739; baseline 0.005 -36"><span class='ocrx_word' id='word_1_248' title='bbox 678 3632 811 3731; x_wconf 89' lang='lat' dir='ltr'>quibus</span> <span class='ocrx_word' id='word_1_249' title='bbox 832 3657 986 3709; x_wconf 87' lang='lat' dir='ltr'>utuntur</span> <span class='ocrx_word' id='word_1_250' title='bbox 1008 3631 1205 3736; x_wconf 86' lang='lat' dir='ltr'>inscriptis</span> <span class='ocrx_word' id='word_1_251' title='bbox 1227 3631 1296 3706; x_wconf 90' lang='lat' dir='ltr'>suis</span> <span class='ocrx_word' id='word_1_252' title='bbox 1315 3631 1659 3739; x_wconf 80' lang='lat' dir='ltr'>PP.Augustiuiani</span> <span class='ocrx_word' id='word_1_253' title='bbox 1682 3661 1755 3709; x_wconf 89' lang='lat' dir='ltr'>non</span> <span class='ocrx_word' id='word_1_254' title='bbox 1775 3658 1882 3710; x_wconf 76' lang='lat' dir='ltr'>tanta</span> <span class='ocrx_word' id='word_1_255' title='bbox 1904 3628 1974 3711; x_wconf 77' lang='lat' dir='ltr'>ell&#39;e</span> 
     </span>
     <span class='ocr_line' id='line_1_31' title="bbox 679 3734 1973 3842; baseline 0.006 -31"><span class='ocrx_word' id='word_1_256' title='bbox 679 3738 924 3835; x_wconf 69' lang='lat' dir='ltr'>audoritaris‚</span> <span class='ocrx_word' id='word_1_257' title='bbox 944 3764 1086 3842; x_wconf 90' lang='lat' dir='ltr'>utpote</span> <span class='ocrx_word' id='word_1_258' title='bbox 1102 3735 1415 3841; x_wconf 48' lang='lat' dir='ltr'>{privatisfaclm</span> <span class='ocrx_word' id='word_1_259' title='bbox 1436 3751 1473 3818; x_wconf 72' lang='lat' dir='ltr'>be</span> <span class='ocrx_word' id='word_1_260' title='bbox 1493 3734 1672 3815; x_wconf 84' lang='lat' dir='ltr'>inferioris</span> <span class='ocrx_word' id='word_1_261' title='bbox 1691 3741 1772 3816; x_wconf 80' lang='lat' dir='ltr'>arvi.</span> <span class='ocrx_word' id='word_1_262' title='bbox 1812 3742 1973 3819; x_wconf 86' lang='lat' dir='ltr'>Puteum</span> 
     </span>
     <span class='ocr_line' id='line_1_32' title="bbox 679 3840 1973 3949; baseline 0.003 -30"><span class='ocrx_word' id='word_1_263' title='bbox 679 3868 770 3920; x_wconf 83' lang='lat' dir='ltr'>vero</span> <span class='ocrx_word' id='word_1_264' title='bbox 791 3871 899 3946; x_wconf 89' lang='lat' dir='ltr'>quem</span> <span class='ocrx_word' id='word_1_265' title='bbox 921 3846 1126 3922; x_wconf 90' lang='lat' dir='ltr'>mirabilem</span> <span class='ocrx_word' id='word_1_266' title='bbox 1146 3843 1366 3947; x_wconf 75' lang='lat' dir='ltr'>pradicant,</span> <span class='ocrx_word' id='word_1_267' title='bbox 1382 3841 1498 3920; x_wconf 85' lang='lat' dir='ltr'>videri</span> <span class='ocrx_word' id='word_1_268' title='bbox 1521 3874 1629 3921; x_wconf 88' lang='lat' dir='ltr'>manu</span> <span class='ocrx_word' id='word_1_269' title='bbox 1650 3840 1786 3923; x_wconf 72' lang='lat' dir='ltr'>fanum</span> <span class='ocrx_word' id='word_1_270' title='bbox 1804 3872 1872 3949; x_wconf 89' lang='lat' dir='ltr'>pro</span> <span class='ocrx_word' id='word_1_271' title='bbox 1892 3847 1973 3923; x_wconf 89' lang='lat' dir='ltr'>irri-</span> 
     </span>
     <span class='ocr_line' id='line_1_33' title="bbox 679 3947 1972 4057; baseline 0.007 -32"><span class='ocrx_word' id='word_1_272' title='bbox 679 3947 802 4053; x_wconf 85' lang='lat' dir='ltr'>gando</span> <span class='ocrx_word' id='word_1_273' title='bbox 821 3951 1021 4029; x_wconf 36' lang='lat' dir='ltr'>viridario..</span> <span class='ocrx_word' id='word_1_274' title='bbox 1041 3949 1106 4029; x_wconf 78' lang='lat' dir='ltr'>nd</span> <span class='ocrx_word' id='word_1_275' title='bbox 1123 3951 1312 4033; x_wconf 80' lang='lat' dir='ltr'>haecnibil</span> <span class='ocrx_word' id='word_1_276' title='bbox 1331 3953 1369 4028; x_wconf 89' lang='lat' dir='ltr'>in</span> <span class='ocrx_word' id='word_1_277' title='bbox 1386 3978 1589 4028; x_wconf 87' lang='lat' dir='ltr'>memorata</span> <span class='ocrx_word' id='word_1_278' title='bbox 1608 3980 1688 4030; x_wconf 85' lang='lat' dir='ltr'>arca</span> <span class='ocrx_word' id='word_1_279' title='bbox 1701 3951 1972 4057; x_wconf 87' lang='lat' dir='ltr'>deprehensum</span> 
     </span>
     <span class='ocr_line' id='line_1_34' title="bbox 677 4054 1972 4165; baseline 0.006 -36"><span class='ocrx_word' id='word_1_280' title='bbox 677 4082 756 4157; x_wconf 91' lang='lat' dir='ltr'>quo</span> <span class='ocrx_word' id='word_1_281' title='bbox 769 4055 951 4134; x_wconf 92' lang='lat' dir='ltr'>indicetur</span> <span class='ocrx_word' id='word_1_282' title='bbox 971 4058 1143 4160; x_wconf 87' lang='lat' dir='ltr'>reliquias</span> <span class='ocrx_word' id='word_1_283' title='bbox 1160 4054 1277 4134; x_wconf 82' lang='lat' dir='ltr'>ell&#39;eS.</span> <span class='ocrx_word' id='word_1_284' title='bbox 1290 4059 1494 4165; x_wconf 87' lang='lat' dir='ltr'>Augustini.</span> <span class='ocrx_word' id='word_1_285' title='bbox 1525 4058 1624 4134; x_wconf 88' lang='lat' dir='ltr'>Nam</span> <span class='ocrx_word' id='word_1_286' title='bbox 1637 4057 1739 4162; x_wconf 92' lang='lat' dir='ltr'>quod</span> <span class='ocrx_word' id='word_1_287' title='bbox 1753 4059 1799 4136; x_wconf 90' lang='lat' dir='ltr'>de</span> <span class='ocrx_word' id='word_1_288' title='bbox 1818 4057 1972 4138; x_wconf 86' lang='lat' dir='ltr'>brachio</span> 
     </span>
     <span class='ocr_line' id='line_1_35' title="bbox 677 4161 1971 4269; baseline 0.005 -32"><span class='ocrx_word' id='word_1_289' title='bbox 677 4161 811 4238; x_wconf 90' lang='lat' dir='ltr'>dicitur</span> <span class='ocrx_word' id='word_1_290' title='bbox 828 4193 900 4246; x_wconf 90' lang='lat' dir='ltr'>non</span> <span class='ocrx_word' id='word_1_291' title='bbox 916 4168 1006 4240; x_wconf 85' lang='lat' dir='ltr'>tanti</span> <span class='ocrx_word' id='word_1_292' title='bbox 1029 4163 1367 4269; x_wconf 87' lang='lat' dir='ltr'>ponderisest‚tum</span> <span class='ocrx_word' id='word_1_293' title='bbox 1387 4168 1472 4266; x_wconf 91' lang='lat' dir='ltr'>quia</span> <span class='ocrx_word' id='word_1_294' title='bbox 1493 4164 1679 4241; x_wconf 85' lang='lat' dir='ltr'>exolsrbus</span> <span class='ocrx_word' id='word_1_295' title='bbox 1702 4169 1821 4243; x_wconf 86' lang='lat' dir='ltr'>nrulta</span> <span class='ocrx_word' id='word_1_296' title='bbox 1838 4168 1875 4243; x_wconf 92' lang='lat' dir='ltr'>in</span> <span class='ocrx_word' id='word_1_297' title='bbox 1914 4170 1971 4244; x_wconf 91' lang='lat' dir='ltr'>ul-</span> 
     </span>
     <span class='ocr_line' id='line_1_36' title="bbox 676 4194 1969 4377; baseline 0.003 -32"><span class='ocrx_word' id='word_1_298' title='bbox 676 4294 798 4345; x_wconf 81' lang='lat' dir='ltr'>vetem</span> <span class='ocrx_word' id='word_1_299' title='bbox 817 4270 1075 4365; x_wconf 63' lang='lat' dir='ltr'>redactasque,</span> <span class='ocrx_word' id='word_1_300' title='bbox 1095 4283 1132 4348; x_wconf 64' lang='grc' dir='ltr'>δέ</span> <span class='ocrx_word' id='word_1_301' title='bbox 1151 4298 1241 4346; x_wconf 87' lang='lat' dir='ltr'>vero</span> <span class='ocrx_word' id='word_1_302' title='bbox 1264 4272 1375 4348; x_wconf 82' lang='lat' dir='ltr'>simile</span> <span class='ocrx_word' id='word_1_303' title='bbox 1391 4273 1449 4349; x_wconf 72' lang='lat' dir='ltr'>estv</span> <span class='ocrx_word' id='word_1_304' title='bbox 1462 4298 1602 4375; x_wconf 89' lang='lat' dir='ltr'>partem</span> <span class='ocrx_word' id='word_1_305' title='bbox 1626 4272 1763 4350; x_wconf 88' lang='lat' dir='ltr'>brachii</span> <span class='ocrx_word' id='word_1_306' title='bbox 1781 4300 1861 4377; x_wconf 86' lang='lat' dir='ltr'>quae</span> <span class='ocrx_word' id='word_1_307' title='bbox 1880 4194 1969 4349; x_wconf 81' lang='lat' dir='ltr'>dest·</span> 
     </span>
     <span class='ocr_line' id='line_1_37' title="bbox 677 4374 1970 4484; baseline 0.003 -33"><span class='ocrx_word' id='word_1_308' title='bbox 677 4374 823 4451; x_wconf 88' lang='lat' dir='ltr'>deratur</span> <span class='ocrx_word' id='word_1_309' title='bbox 841 4379 877 4452; x_wconf 91' lang='lat' dir='ltr'>in</span> <span class='ocrx_word' id='word_1_310' title='bbox 898 4404 1015 4482; x_wconf 85' lang='lat' dir='ltr'>partes</span> <span class='ocrx_word' id='word_1_311' title='bbox 1038 4377 1286 4455; x_wconf 82' lang='lat' dir='ltr'>minutissimas</span> <span class='ocrx_word' id='word_1_312' title='bbox 1306 4379 1440 4484; x_wconf 85' lang='lat' dir='ltr'>pariter</span> <span class='ocrx_word' id='word_1_313' title='bbox 1460 4374 1606 4466; x_wconf 87' lang='lat' dir='ltr'>abiisse;</span> <span class='ocrx_word' id='word_1_314' title='bbox 1629 4403 1709 4455; x_wconf 92' lang='lat' dir='ltr'>tum</span> <span class='ocrx_word' id='word_1_315' title='bbox 1732 4381 1818 4483; x_wconf 86' lang='lat' dir='ltr'>quia</span> <span class='ocrx_word' id='word_1_316' title='bbox 1844 4380 1970 4456; x_wconf 71' lang='lat' dir='ltr'>§.Au-</span> 
     </span>
     <span class='ocr_line' id='line_1_38' title="bbox 677 4482 1969 4590; baseline 0.005 -34"><span class='ocrx_word' id='word_1_317' title='bbox 677 4484 807 4587; x_wconf 86' lang='lat' dir='ltr'>gustini</span> <span class='ocrx_word' id='word_1_318' title='bbox 830 4485 1022 4562; x_wconf 88' lang='lat' dir='ltr'>brachium</span> <span class='ocrx_word' id='word_1_319' title='bbox 1044 4511 1164 4565; x_wconf 86' lang='lat' dir='ltr'>totuin</span> <span class='ocrx_word' id='word_1_320' title='bbox 1187 4488 1413 4590; x_wconf 81' lang='lat' dir='ltr'>iuAngliam</span> <span class='ocrx_word' id='word_1_321' title='bbox 1432 4483 1664 4589; x_wconf 82' lang='lat' dir='ltr'>deportatum</span> <span class='ocrx_word' id='word_1_322' title='bbox 1686 4482 1791 4564; x_wconf 74' lang='lat' dir='ltr'>soille</span> <span class='ocrx_word' id='word_1_323' title='bbox 1806 4512 1969 4589; x_wconf 83' lang='lat' dir='ltr'>putatur,</span> 
     </span>
     <span class='ocr_line' id='line_1_39' title="bbox 676 4591 1971 4698; baseline 0.006 -36"><span class='ocrx_word' id='word_1_324' title='bbox 676 4593 778 4689; x_wconf 87' lang='lat' dir='ltr'>atqui</span> <span class='ocrx_word' id='word_1_325' title='bbox 797 4594 960 4668; x_wconf 85' lang='lat' dir='ltr'>maxima</span> <span class='ocrx_word' id='word_1_326' title='bbox 976 4595 1053 4691; x_wconf 83' lang='lat' dir='ltr'>ejus</span> <span class='ocrx_word' id='word_1_327' title='bbox 1068 4620 1147 4698; x_wconf 84' lang='lat' dir='ltr'>pars</span> <span class='ocrx_word' id='word_1_328' title='bbox 1160 4592 1238 4669; x_wconf 89' lang='lat' dir='ltr'>istic</span> <span class='ocrx_word' id='word_1_329' title='bbox 1254 4594 1363 4670; x_wconf 87' lang='lat' dir='ltr'>adest.</span> <span class='ocrx_word' id='word_1_330' title='bbox 1396 4596 1563 4671; x_wconf 81' lang='lat' dir='ltr'>Demum</span> <span class='ocrx_word' id='word_1_331' title='bbox 1582 4593 1629 4670; x_wconf 92' lang='lat' dir='ltr'>de</span> <span class='ocrx_word' id='word_1_332' title='bbox 1645 4591 1879 4698; x_wconf 89' lang='lat' dir='ltr'>inscriptione</span> <span class='ocrx_word' id='word_1_333' title='bbox 1896 4595 1971 4688; x_wconf 83' lang='lat' dir='ltr'>illa,</span> 
     </span>
    </p>
   </div>
   <div class='ocr_carea' id='block_1_2' title="bbox 676 4694 1971 4914">
    <p class='ocr_par' dir='ltr' id='par_1_2' title="bbox 676 4694 1971 4914">
     <span class='ocr_line' id='line_1_40' title="bbox 676 4694 1971 4884; baseline 0.006 -113"><span class='ocrx_word' id='word_1_334' title='bbox 676 4697 804 4776; x_wconf 83' lang='lat' dir='ltr'>AGO</span> <span class='ocrx_word' id='word_1_335' title='bbox 818 4695 841 4771; x_wconf 86' lang='lat' dir='ltr'>S</span> <span class='ocrx_word' id='word_1_336' title='bbox 854 4699 966 4777; x_wconf 89' lang='lat' dir='ltr'>TIN</span> <span class='ocrx_word' id='word_1_337' title='bbox 979 4703 1019 4779; x_wconf 90' lang='grc' dir='ltr'>Ο.</span> <span class='ocrx_word' id='word_1_338' title='bbox 1028 4760 1042 4799; x_wconf 84' lang='grc'>,</span> <span class='ocrx_word' id='word_1_339' title='bbox 1064 4726 1140 4780; x_wconf 89' lang='lat' dir='ltr'>non</span> <span class='ocrx_word' id='word_1_340' title='bbox 1150 4700 1330 4802; x_wconf 86' lang='lat' dir='ltr'>constare,</span> <span class='ocrx_word' id='word_1_341' title='bbox 1342 4697 1493 4806; x_wconf 80' lang='lat' dir='ltr'>quando</span> <span class='ocrx_word' id='word_1_342' title='bbox 1507 4725 1615 4779; x_wconf 81' lang='lat' dir='ltr'>nenio</span> <span class='ocrx_word' id='word_1_343' title='bbox 1627 4694 1885 4884; x_wconf 56' lang='lat' dir='ltr'>evocsstussuit</span> <span class='ocrx_word' id='word_1_344' title='bbox 1904 4701 1971 4806; x_wconf 87' lang='lat' dir='ltr'>qui</span> 
     </span>
     <span class='ocr_line' id='line_1_41' title="bbox 1768 4833 1811 4914; baseline 0.047 -32"><span class='ocrx_word' id='word_1_345' title='bbox 1768 4833 1811 4914; x_wconf 68' lang='grc' dir='ltr'>ιι]</span> 
     </span>
    </p>
   </div>
   <div class='ocr_carea' id='block_1_3' title="bbox 0 0 2034 5700">
    <p class='ocr_par' dir='ltr' id='par_1_3' title="bbox 0 0 2034 5700">
     <span class='ocr_line' id='line_1_42' title="bbox 0 0 2034 5700; baseline 0 2"><span class='ocrx_word' id='word_1_346' title='bbox 0 0 2034 5700; x_wconf 95' lang='lat' dir='ltr'> </span> 
     </span>
    </p>
   </div>
  </div>
 </body>
</html>
