4264 5684
307 469 355 582 58
755 451 935 547 Diarium
960 444 1143 544 Italicum.

264 635 288 669 ι
314 590 479 696 quinque
499 586 757 694 quaterniones
768 588 957 696 Evangelii
973 584 1082 663 saneti
1097 586 1214 664 Marci
1234 586 1281 664 ab
1301 583 1456 694 ipsomet
1474 587 1612 697 scripti,

268 743 291 776 n
316 725 364 774 an
387 696 454 774 sint
472 698 509 773 in
527 700 778 803 Pergameno,
806 697 867 771 vel
886 698 922 772 in
941 696 1012 772 alia
1032 694 1168 773 charta.
1206 696 1294 773 Vidi
1312 722 1433 772 autern
1462 700 1532 775 lrac
1551 699 1612 776 die

270 850 292 884 υ
318 831 402 882 cum
424 801 587 910 quodam
608 806 848 881 Procuratore
872 802 952 878 divi
972 804 1116 899 Marci,
1139 800 1328 901 codicem,
1348 810 1411 909 qui
1428 807 1613 883 membra-

270 958 293 992 n
317 938 406 988 neus
428 913 476 989 est
503 948 513 997 ς
535 906 597 988 sed
616 909 710 989 adeb
730 909 751 987 Ξι
768 910 942 987 vetustate
970 905 1145 1008 detritus,
1165 938 1206 990 ut
1224 939 1352 1019 parum
1381 918 1440 993 vel
1460 916 1550 992 nibil
1571 917 1612 991 in

269 1064 295 1101 u
316 1045 363 1097 eo
383 1021 455 1128 legi
473 1043 584 1121 queat
601 1044 737 1124 :arque
755 1019 808 1095 ita
819 1015 1087 1113 destmuus,ut
1103 1017 1254 1100 discerni
1271 1048 1345 1097 non
1358 1022 1476 1127 posfit,
1485 1049 1610 1100 utrum

268 1175 294 1209 υ
317 1126 385 1204 fint
402 1150 584 1232 quatuor,
604 1128 664 1203 vel
687 1127 854 1233 quinque
869 1127 1139 1230 quaterniones.
1179 1126 1441 1206 Exscribendas
1464 1142 1501 1210 bc
1519 1127 1612 1206 deli·

267 1280 294 1315 ·-
316 1234 475 1313 neandas
495 1236 620 1312 curavi
640 1262 770 1340 paucas
789 1237 921 1330 lineas,
942 1258 1031 1335 quas
1055 1234 1119 1311 hic
1140 1262 1313 1342 appono,
1330 1264 1413 1313 cum
1432 1236 1612 1315 rarirlrmae

270 1391 291 1423 ι
313 1342 380 1420 sint
389 1369 552 1421 nec-non
563 1339 790 1420 difficillima
800 1341 1026 1419 lesluMitto
1036 1339 1084 1418 ad
1096 1344 1360 1422 Celsrtudincm
1372 1345 1519 1421 vestram
1531 1372 1612 1448 par-

268 1498 292 1531 a
315 1452 470 1527 ticulam
486 1451 709 1530 membrana:
727 1445 890 1552 ejusdem
906 1445 1044 1527 codicis
1064 1446 1171 1529 sansli
1187 1452 1331 1551 Marci,
1353 1477 1395 1527 ut
1414 1480 1458 1528 ex
1476 1451 1544 1527 bac
1573 1462 1612 1528 δε

267 1606 293 1638 ι
314 1583 362 1635 ex
382 1558 589 1638 charactere
605 1559 804 1663 percipiat,
817 1586 864 1634 an
879 1556 957 1634 duo
974 1560 1133 1660 quaterni
1149 1586 1242 1662 quos
1255 1555 1611 1665 poffidetCelsrtudo

268 1716 292 1746 a
314 1665 429 1743 vestra
455 1692 541 1744 cum
560 1667 661 1745 hisce
681 1667 913 1743 conveniant.
943 1666 1021 1741 Hic
1041 1659 1161 1741 codex
1181 1668 1333 1743 traditus
1354 1667 1428 1744 suit
1451 1660 1610 1740 Serenis-

266 1819 292 1853 ι
315 1770 405 1850 sarno
416 1775 599 1853 Dominio
617 1798 682 1879 per
699 1769 899 1877 quemdam
915 1773 1158 1849 Patriarcbam
1178 1769 1198 1848 a
1215 1777 1343 1868 Turre,
1357 1802 1396 1849 ur
1416 1772 1611 1865 dicitur,&

268 1928 292 1961 ι
316 1877 423 1984 super
437 1881 516 1982 ejus
537 1883 717 1985 operculis
739 1882 919 1987 argenteis
944 1879 1063 1954 adhuc
1081 1879 1203 1956 vilitur
1213 1884 1318 1957 turris
1335 1909 1421 1957 cum
1444 1880 1548 1977 liliis,
1571 1892 1611 1960 dc

268 2034 291 2070 υ
314 1986 452 2094 insigne
470 1987 633 2064 civitatis
647 1988 898 2093 Aquileiensis.
932 1983 1045 2062 Aliud
1062 2014 1137 2062 non
1157 1982 1315 2093 suppetit
1334 1984 1611 2095 significandum

265 2139 291 2176 ι
316 2090 534 2179 celfirudini
550 2096 685 2192 vestrae,
697 2097 759 2172 cui
775 2121 835 2169 me
852 2091 1089 2172 commendo.
1114 2097 1281 2176 Veneriis
1298 2096 1570 2196 18.Junii15a4.

714 2289 974 2388 ferdinandus
1003 2287 1219 2387 Archidux.

266 2572 289 2605 2
373 2521 549 2621 Nobilis,
570 2520 703 2599 dileue
728 2511 872 2613 fidelis,
891 2517 1031 2596 litteras
1060 2543 1138 2597 tuas
1170 2517 1231 2597 die
1254 2525 1303 2599 18.
1324 2522 1421 2610 Junii
1451 2548 1611 2601 exaratas

266 2681 288 2713 ι.
312 2633 520 2737 accepimus
540 2656 613 2707 una
636 2652 721 2704 eum
748 2627 934 2701 nonnullis
956 2625 1102 2731 syllabis
1120 2626 1310 2705 delineatr's
1341 2654 1385 2704 ex
1410 2635 1612 2738 Evangelio

265 2790 288 2821 ..
313 2740 555 2845 Autograpbo
571 2734 648 2814 divi
663 2733 809 2829 Marci,
824 2734 1056 2836 &particula
1074 2734 1294 2813 membrana
1313 2734 1476 2833 ejusdem
1489 2742 1612 2819 Auto-

267 2894 289 2927 ι
314 2851 454 2949 grrplri.
482 2845 670 2923 Vellemus
686 2865 813 2916 autem
832 2863 875 2915 ut
890 2841 1072 2946 integrum
1091 2839 1223 2921 folium
1237 2843 1424 2921 transcribi
1446 2873 1612 2941 curares,

267 3003 292 3036 .
315 2952 453 3029 servata
470 2951 601 3028 eadem
620 2943 887 3054 magnitudine,
905 2948 1160 3046 latitudine,&
1178 2947 1410 3055 longitudine
1422 2990 1431 3037 ς
1443 2964 1479 3029 bt
1496 2979 1590 3058 quar.

267 3110 291 3142 .
315 3087 427 3165 quarn
448 3058 555 3133 nobis
572 3049 850 3163 persuadeamus
874 3055 1098 3132 Dominium
1116 3061 1345 3133 Venetorum
1362 3057 1558 3135 difficulter
1577 3060 1614 3135 se

265 3219 293 3253 .
316 3170 543 3272 privaturum
562 3167 727 3267 quinque
748 3160 1046 3265 quaternionibus
1065 3161 1318 3269 manuscriptis
1345 3167 1453 3243 sansl‘r
1474 3166 1612 3262 Marci,

268 3328 294 3363 .
317 3273 552 3350 nihilominus
572 3296 689 3376 quum
706 3267 909 3375 peculiares
931 3268 982 3345 ob
1002 3270 1124 3348 causas
1141 3268 1289 3348 eosdem
1311 3298 1506 3378 optemus,
1529 3277 1612 3350 nul·

269 3439 293 3473 ,
318 3382 387 3455 lam
409 3409 557 3485 operam
581 3373 710 3483 perdas
736 3378 775 3452 in
795 3371 1014 3481 expiscando
1037 3376 1209 3484 aquibus
1227 3406 1266 3455 tu
1283 3406 1532 3486 opportunum
1555 3384 1615 3482 ju-

271 3546 295 3578 ,,
317 3485 492 3564 dicaveris
512 3553 523 3584 ,
549 3518 595 3566 an
613 3510 681 3561 nos
701 3479 850 3561 eosdem
874 3479 895 3558 *a
915 3486 1101 3562 Dominio
1119 3485 1388 3594 efflagitantes,
1417 3488 1523 3563 fimus
1543 3489 1614 3565 ob-

269 3653 295 3690 ,
318 3597 452 3671 tentori
474 3595 622 3674 honoris
641 3605 680 3671 bc
695 3590 870 3668 amicitiae
887 3617 985 3699 ergo.
1021 3598 1083 3670 De
1102 3594 1157 3670 his
1178 3595 1352 3671 omnibus
1373 3620 1438 3670 tuo
1461 3597 1612 3671 confilio

273 3766 295 3795 „
319 3715 356 3782 bc
369 3704 516 3780 monitis
532 3704 700 3780 certiores
718 3725 783 3774 nos
797 3693 922 3795 facias,
934 3699 1037 3801 quod
1054 3700 1161 3779 nobis
1174 3701 1408 3807 gratissimum
1429 3700 1506 3777 fore
1521 3729 1612 3777 con·

273 3873 295 3903 ,‚
320 3808 430 3906 fidas,
443 3810 690 3911 omnibusque
705 3803 892 3887 beneficiis
907 3806 976 3886 tibi
988 3808 1280 3915 rependendum.
1305 3813 1450 3887 Datum
1468 3813 1504 3885 in
1521 3812 1612 3886 Pur·

274 3979 296 4010 ,
320 3920 400 4024 glos
416 3950 452 4016 4.
467 3920 550 4005 Julii
571 3932 670 4020 1564.

425 4073 797 4153 Fanoruauuus.
1106 4070 1526 4164 alamannico.

848 4266 1087 4402 Responfirm.

272 4515 295 4547 ι
368 4468 537 4547 Nutibus
557 4461 793 4547 Celsrtudinis
811 4462 935 4541 vestrae
950 4462 1264 4569 obtemperamrus
1284 4462 1512 4571 respondeo,
1534 4495 1612 4547 ma·

272 4622 296 4655 a
319 4579 551 4685 gnitudinem
578 4577 864 4679 quaternionum
882 4574 1071 4678 Evangelii
1102 4570 1211 4650 sanus
1236 4575 1354 4649 Marci
1383 4573 1452 4654 ess'e
1474 4603 1612 4679 quartae

271 4730 294 4771 η
318 4688 430 4794 partis
441 4687 549 4761 unius
563 4682 665 4780 folii,
680 4681 860 4763 character
875 4679 1020 4787 prorsus
1033 4679 1231 4789 inlegibilis
1242 4680 1311 4781 est,
1323 4683 1380 4761 uti
1398 4709 1507 4765 antea
1523 4685 1612 4764 scri-
