4264 5684
1087 336 1215 466 Caput
1241 365 1430 470 patenum.
1852 355 1913 454 67

608 501 681 579 que
697 470 915 549 Volufianus
927 531 938 566 ,
950 465 1059 548 sed&
1072 472 1223 544 cunctus
1241 470 1330 547 ordo
1342 470 1404 549 dd.
1435 466 1610 548 Libenter
1628 471 1737 573 hujus
1754 472 1907 547 tutelam
1929 510 1948 537 a
1969 463 2099 529 ‘fimes

1972 547 2112 601 iraeneum

595 578 781 687 *fidejussor
799 574 1169 655 accedis.Liberatus.
1188 574 1323 682 Adque
1341 580 1496 656 libenter
1516 592 1680 684 &prona
1699 585 1902 656 voluntate.
1928 620 1947 646 «ι
1972 592 2095 677 prm

607 692 840 766 *Flavianus
860 710 1085 764 memoratus
1104 684 1251 787 speciali
1275 688 1386 764 tutela
1414 684 1595 786 fidejuss'or
1614 685 1765 765 accedo.
1785 690 1905 764 Hora·
1925 725 1944 752 «ι
1970 703 2100 757 mani-irus·

604 800 686 873 nius
705 795 825 901 adque
845 799 1027 873 Antonius
1046 789 1392 876 &Volufiaiiusdd.
1419 795 1697 903 Et*oblcgatis
1711 796 1821 873 rebus
1835 797 1905 873 tuis
1926 836 1944 862 «ι

602 906 775 982 omnibus
797 902 1038 1008 quas*liabis
1066 913 1104 983 oe
1121 900 1256 978 habere
1272 902 1463 1007 potueris,
1490 931 1575 982 cum
1595 930 1661 982 tuo
1678 907 1759 983 aaa
1783 916 1821 985 δι
1840 903 1902 981 ad·
1926 944 1946 973 a

601 1011 681 1088 nisu
706 1017 844 1120 integre
875 1016 946 1091 sine
969 1006 1117 1104 fraude,
1137 1009 1197 1087 vel
1224 1006 1314 1089 dolo
1335 1013 1526 1090 minorum
1554 1010 1906 1123 negotia*spondis
1926 1055 1947 1082 a

602 1119 862 1199 administrare.
887 1122 1091 1198 Liberatus.
1122 1120 1170 1196 Et
1186 1116 1369 1227 oblegatis
1384 1120 1492 1199 rebus
1509 1124 1601 1197 meis
1617 1119 1796 1200 omnibus
1814 1148 1905 1226 quas
1928 1165 1947 1190 a

601 1226 722 1305 habeo
744 1228 980 1307 habiturusve
1000 1225 1097 1325 sum,
1117 1227 1336 1304 Flavianum
1355 1254 1614 1334 nuncupatum
1633 1231 1830 1337 specialem
1848 1254 1907 1304 ta-
1927 1271 1948 1298 a

598 1356 706 1411 torem
724 1344 901 1413 ininurum
927 1337 1068 1414 utiliter
1094 1348 1131 1414 &
1164 1336 1305 1442 integre
1329 1334 1399 1412 fine
1427 1339 1695 1442 qualicumque
1723 1338 1815 1415 dolo
1847 1339 1905 1414 vel
1926 1375 1949 1406 a

1971 823 2040 896 'fi‘

1969 933 2042 1009 &fic

1971 1041 2042 1115 *fic

599 1437 727 1519 fraude
756 1445 973 1521 moderanter
998 1442 1041 1527 ό
1056 1444 1218 1550 ‚fideliter
1246 1440 1407 1547 spondeo
1439 1446 1653 1522 ministrare.
1692 1445 1903 1543 Horanius,
1925 1487 1946 1515 a
2052 1533 2056 1539 ,

600 1551 845 1630 Antonius&
869 1549 1104 1643 Volusianus,
1129 1552 1190 1626 vel
1207 1552 1353 1628 canelus
1369 1549 1464 1629 ordo
1481 1550 1545 1631 dd.
1574 1555 1764 1658 Qoniam
1784 1556 1821 1627 in
1839 1548 1901 1626 de·
1924 1593 1945 1623 ι.

599 1653 744 1760 fignatis
771 1658 932 1764 negotiis
960 1657 1151 1733 Flavianus
1178 1656 1199 1735 l
1230 1654 1566 1735 Gundihildiinsuis
1589 1659 1708 1737 fidelis
1727 1661 1803 1758 ejus
1825 1657 1906 1762 spe·
1922 1701 1946 1737 ι

599 1765 701 1838 cialis
726 1791 824 1840 tutor
845 1768 1010 1867 petitus,
1038 1791 1100 1869 per
1120 1767 1372 1841 interventum
1396 1762 1610 1864 fidejussoris
1632 1766 1739 1842 estex
1759 1765 1902 1869 optima
1923 1810 1944 1843 a

598 1869 741 1945 ratione
768 1872 946 1956 firmatum
976 1868 1068 1974 quid
1087 1874 1242 1973 amplius
1260 1869 1439 1948 adstantes
1457 1871 1532 1946 fieri
1552 1870 1747 1948 desideratis
1761 1874 1830 1975 nist
1848 1868 1901 1947 so·
1921 1919 1943 1949 a

598 1979 676 2052 luna
703 2036 1298 2057 .................
1323 1972 1506 2078 fidejussor
1528 1982 1602 2080 ejus
1639 2035 1876 2057 .......
1921 2023 1943 2053 ι.

627 2142 896 2161 ........
923 2088 1105 2191 gravitate
1127 2084 1238 2161 vestra
1257 2109 1299 2160 ut
1316 2084 1490 2188 susceptae
1512 2091 1635 2162 tutelae
1653 2084 1763 2162 fidem
1782 2081 1901 2162 facere
1922 2134 1943 2160 η

596 2194 802 2287 valeamus,
823 2192 1003 2299 gestorum
1021 2191 1129 2268 nobis
1151 2189 1355 2266 editionem
1372 2190 1498 2290 jubeat
1520 2194 1719 2269 solenniter
1737 2190 1902 2268 celebra·
1921 2242 1942 2271 a

595 2301 638 2373 ri.
684 2299 873 2376 Horanius
898 2360 909 2393 ‚
932 2301 1114 2374 Antonius
1145 2310 1183 2375 δι
1204 2296 1442 2392 Volusianus,
1475 2304 1532 2373 vel
1552 2300 1699 2376 cunslus
1718 2294 1812 2374 ordo
1834 2294 1899 2377 dcl.
1920 2348 1941 2379 «ι

598 2405 705 2481 Gella
724 2407 828 2483 vobis
849 2432 891 2482 ut
907 2431 985 2480 mos
1007 2406 1058 2481 est
1076 2428 1326 2506 competenter
1345 2404 1513 2481 edantur.
1918 2457 1940 2487 .

652 2515 733 2618 Ego
759 2512 950 2590 Horanius
969 2539 1064 2589 unus
1086 2512 1244 2590 Curialis
1266 2511 1429 2590 civitatis
1462 2512 1659 2610 Reatehis,
1675 2513 1779 2621 gestis
1797 2512 1899 2621 apud
1919 2564 1939 2592 e.

595 2643 662 2694 nos
686 2620 848 2718 habitis,
865 2617 980 2696 edidi.
1919 2671 1941 2700 a

650 2729 732 2832 Ego
751 2729 932 2804 Antonius
963 2724 1053 2801 alius
1079 2724 1239 2804 Cerialis
1269 2725 1429 2803 civitatis
1448 2725 1651 2824 Reatehis,
1671 2728 1779 2836 gestis
1802 2727 1901 2836 apud
1920 2779 1942 2808 a

594 2859 662 2911 nos
683 2833 838 2930 habitis,
858 2829 972 2909 edidi.
1757 2904 1770 2914 Α
1920 2887 1943 2918 „

649 2944 728 3044 Ego
754 2941 973 3017 Volufianus
990 2935 1081 3013 alius
1102 2937 1264 3013 Cerialis
1287 2940 1443 3016 civitatis
1461 2940 1659 3039 Reatehis,
1680 2942 1788 3050 gestis
1804 2944 1902 3051 apud
1921 2995 1943 3023 a

594 3072 661 3123 nos
685 3047 846 3143 habitis,
866 3044 981 3123 edidi.
1119 3114 1128 3131 ,
1920 3099 1942 3128 a

648 3157 727 3261 Ego
748 3158 955 3230 Decoratus
980 3150 1069 3228 alius
1098 3151 1258 3229 Cerialis
1280 3153 1441 3233 civitatis
1461 3153 1654 3253 Reatehis,
1676 3156 1782 3261 gestis
1798 3158 1899 3261 apud
1920 3213 1940 3238 a

593 3285 662 3337 nos
683 3262 836 3349 habitis,
855 3260 968 3336 edidi.
1919 3320 1940 3347 „

651 3371 733 3474 Ego
755 3368 941 3443 Maximus
967 3369 1058 3441 alius
1087 3364 1246 3441 Curialis
1263 3363 1422 3442 civitatis
1442 3367 1648 3463 Reatchis,
1675 3368 1782 3476 gestis
1799 3368 1898 3473 apud
1922 3430 1939 3453 .,

594 3500 660 3550 nos
680 3474 840 3571 habitis,
860 3468 975 3552 edidi.
1921 3538 1940 3563 ,,

652 3584 734 3689 Ego
768 3584 924 3687 Vigilius
953 3581 1045 3658 alius
1071 3579 1229 3659 Cerialis
1249 3579 1407 3658 civitatis
1430 3580 1637 3676 Reatehis,
1666 3581 1771 3687 gestis
1798 3586 1897 3690 apud
1918 3643 1939 3671 .,

596 3714 662 3766 nos
681 3686 842 3785 habitis,
862 3687 973 3766 edidi.
1647 3738 1653 3745 ·
1916 3747 1939 3780 .,

650 3800 730 3903 Ego
748 3795 941 3873 Flavianus
957 3800 1011 3874 his
1028 3793 1296 3901 exemplaribus
1314 3796 1495 3901 gestorum
1515 3793 1536 3871 a
1553 3823 1614 3872 me
1633 3793 1726 3876 datis
1743 3794 1896 3877 subscri·
1916 3856 1937 3885 ..

596 3903 664 4011 psi,
684 3930 767 4008 quae
788 3930 849 4008 per
873 3906 1156 3981 Constantinum
1175 3904 1432 3981 Comitiacum
1454 3901 1616 3983 reddidi.
1915 3964 1936 3994 ⁸

648 4015 729 4117 Ego
751 4011 1007 4090 Constantinus
1028 4010 1269 4091 Comitiacus.
1913 4068 1936 4099 ,.

649 4116 874 4195 Decembris
1198 4145 1294 4195 anno
1313 4116 1374 4197 ᾗῇ
1379 4172 1698 4199 .........
1912 4175 1934 4205 ς.

650 4329 1184 4413 Haecinmultisutvidcreest
1204 4331 1421 4411 labefaslata
1442 4336 1549 4413 sunt:
1570 4332 1631 4411 sed
1648 4336 1699 4408 ita
1712 4354 1835 4408 tamen
1848 4354 1892 4411 ut

598 4464 669 4542 qua
696 4439 743 4516 de
774 4472 811 4519 re
838 4471 965 4551 agatur
990 4440 1165 4549 expiscari
1198 4441 1234 4519 in
1264 4469 1414 4549 promtu
1433 4445 1493 4536 sit,
1523 4441 1648 4517 sarcitl
1674 4444 1892 4544 plerumque

597 4550 834 4652 conjeslando
856 4556 1080 4648 narratione,
1101 4578 1233 4630 vetum
1252 4554 1323 4629 alia
1341 4552 1552 4630 characletis
1572 4541 1717 4642 fornii,
1739 4574 1784 4625 ne
1806 4575 1894 4629 con·

1659 4660 1677 4734 1
1705 4658 1731 4762 ij
