4060 5700
1027 436 1597 559 uRAEsAtro

725 564 948 665 Codicum
966 594 1137 661 aetatem
1155 572 1483 665 extradatione
1500 567 1693 697 assidua,
1710 610 1863 681 eorum
1877 620 1974 684 ma.

658 702 778 800 xime*
799 708 878 834 qui
896 709 1002 797 anni
1025 733 1180 796 notam
1200 698 1540 830 circumferunt,
1567 708 1720 844 quales
1734 713 1847 815 bene
1864 724 1977 821 mul-

656 845 691 933 ti
710 847 757 933 iu
785 829 1204 966 Graecis'praesertim
1226 832 1537 965 offenduntur,
1564 879 1646 978 pro
1675 853 1858 950 modulo
1875 857 1972 955 alst.

655 981 821 1107 gnavi3
846 983 896 1068 iis
920 964 1062 1068 ulusfi
1097 980 1162 1066 nis
1184 1007 1236 1067 ac
1252 966 1469 1100 xps-tuclus,
1493 1016 1589 1115 quat
1609 974 1740 1081 fusius
1763 1021 1889 1088 tomo
1912 991 1972 1090 le·

655 1123 837 1236 quenti,
859 1105 1036 1240 prolatis
1060 1010 1331 1241 singularum
1354 1146 1533 1231 aetatum
1560 1126 1721 1217 Grecis
1745 1123 1971 1226 tharasio.

653 1240 799 1359 ribus,
828 1239 1006 1378 aliisque
1029 1244 1087 1339 ad
1113 1241 1511 1379 manuscriptorum
1537 1248 1658 1350 usum
1684 1278 1969 1394 opportunis,

651 1380 901 1514 expendere
928 1389 1100 1475 animus
1122 1379 1196 1478 est.
1248 1392 1410 1515 Neque
1441 1420 1623 1520 parem,
1649 1403 1710 1489 uti
1732 1405 1824 1523 jam
1850 1404 1968 1523 dixi,

652 1523 703 1613 iis
721 1550 902 1649 operam
929 1549 1093 1646 ponere
1116 1508 1179 1609 sas
1202 1508 1309 1638 fuit,
1338 1512 1412 1614 sed
1427 1557 1510 1653 pto
1522 1552 1721 1658 tempore
1733 1566 1786 1626 ac
1802 1572 1967 1673 oppos.

654 1661 853 1747 tunitate.
916 1661 985 1747 Sic
1017 1644 1207 1747 subtilius
1235 1655 1498 1751 adornatam
1529 1662 1651 1760 vides
1677 1663 1966 1770 Bibliotheca.

650 1820 751 1880 rum
768 1779 992 1885 Bafilianae
1005 1822 1059 1881 ac
1077 1800 1116 1885 S.
1134 1794 1286 1884 Mariae
1307 1790 1588 1918 Florentinae‚
1611 1834 1747 1933 quarn
1765 1806 1964 1944 Clriggiae

649 1957 703 2016 ac
718 1922 990 2032 iustinianeae
1010 1930 1239 2046 notitiam,
1264 1935 1369 2058 quia
1382 1924 1648 2029 scilicet'non
1663 1940 1719 2034 ad
1732 1939 1962 2045 arbitrium

648 2050 846 2191 semper,
867 2053 938 2152 sed
970 2091 1051 2190 pto
1071 2069 1282 2192 temporis
1304 2071 1476 2159 ratione
1496 2064 1725 2207 aditusque
1750 2067 1959 2181 facultate

645 2228 740 2287 tem
789 2188 974 2290 elssmus.
1008 2195 1145 2325 Qud
1159 2232 1294 2330 opus,
1318 2232 1470 2329 quaeve
1489 2200 1644 2298 utilitas
1659 2209 1959 2344 catalogorum

645 2229 919 2452 hujusnodi,
941 2364 1035 2427 non
1053 2325 1251 2427 nesciunt
1267 2330 1453 2465 quilibet
1475 2336 1716 2439 litterarum
1740 2352 1956 2478 cultores,

643 2495 814 2560 aecum
832 2473 981 2597 primis
1002 2474 1083 2603 qui
1096 2497 1295 2567 veterum
1315 2463 1575 2608 scriptorum
1590 2477 1792 2613 operibus
1817 2491 1955 2587 eden.

641 2598 707 2695 dis
732 2630 905 2697 vacant.

710 2741 960 2833 Audiorum
980 2747 1164 2834 nomina
1184 2742 1446 2879 plerumque
1459 2743 1504 2843 in
1524 2747 1746 2848 codicibus
1759 2768 1949 2866 variant:

640 2863 703 2966 sic
729 2906 771 3004 p.
798 2914 857 2995 14.
889 2884 1112 2971 Cornutus
1132 2873 1188 2970 de
1209 2880 1287 2974 diis
1308 2915 1440 3012 agens
1459 2920 1729 2984 memoratur
1755 2969 1769 3011 ,
1801 2906 1948 3029 quiin

639 3004 732 3101 aliis
756 3003 980 3103 codicibus
1003 3005 1249 3109 Phomutus
1269 3015 1426 3112 dicitur
1444 3062 1454 3116 ι
1473 3029 1524 3115 ln
1548 3022 1753 3157 catalogo
1783 3026 1947 3128 Biblio-

638 3137 774 3239 thecae
791 3148 1093 3241 Laurentisne
1115 3154 1191 3281 qui
1217 3184 1348 3284 penes
1367 3187 1440 3249 me
1464 3155 1602 3253 estad
1626 3158 1826 3261 Pluteum
1856 3205 1942 3270 tx.

638 3273 810 3411 legitur.
858 3285 1023 3374 Cornuti
1040 3290 1112 3414 qui
1129 3282 1231 3377 alibi
1247 3285 1475 3383 Phoruutus
1484 3372 1499 3414 ‚
1506 3293 1589 3414 fid
1600 3294 1665 3389 bic
1680 3295 1826 3448 ubique
1837 3308 1942 3423 stri·

637 3410 750 3508 bitur
764 3432 958 3510 Cornutus
992 3420 1049 3509 ad
1072 3424 1285 3550 Georgium
1318 3426 1369 3515 de
1399 3426 1493 3525 diis.
1541 3437 1710 3525 Initium
1739 3450 1767 3522 ὠ
1799 3436 1948 3548 oquin

638 3544 804 3665 I'edpus.
832 3558 943 3648 Finis
964 3549 1212 3666 supputatim
1227 3556 1503 3667 assumpsisti.
1541 3574 1589 3659 In
1604 3568 1828 3668 codicibus
1840 3614 1947 3673 vero

636 3684 904 3785 Colbertinis
929 3689 1069 3784 modo
1086 3700 1308 3789 Cornutus
1329 3696 1469 3792 modo
1489 3696 1735 3799 Plsornutus
1760 3707 1947 3840 legitur3

636 3818 740 3919 alibi
751 3858 856 3917 vero
872 3820 1118 3922 Phtunutus
1134 3859 1325 3926 vocatur.
1339 3827 1508 3929 ibidem
1523 3834 1644 3968 legis,
1656 3848 1876 3978 Eunapius
1892 3848 1949 3944 de

633 3967 724 4057 vita
748 3954 1124 4091 Philosophorum.
1161 3972 1210 4060 ln
1234 3965 1389 4061 codice
1418 3971 1618 4102 quodam
1647 3981 1947 4081 Laurentiano

631 4089 1947 4239 inscribitutdevitaPhilosophorum&SoplsistarumUuum

634 4228 691 4325 de
709 4228 917 4363 Sophistis
930 4240 1113 4364 Eunapii
1131 4232 1382 4367 opusculum
1398 4250 1623 4363 novimus3
1641 4242 1709 4343 sed
1724 4263 1825 4385 quia
1835 4262 1948 4349 inter

632 4362 851 4498 Sophistas
879 4366 1004 4463 multi
1037 4364 1398 4505 Philosophorum
1424 4385 1543 4498 juxta
1568 4414 1700 4515 atquc
1724 4386 1947 4520 Sophista.

631 4535 734 4599 rum
754 4510 936 4598 nomine
953 4496 1181 4639 fignantur
1194 4585 1207 4628 ,
1232 4502 1522 4610 hiucfadium
1547 4549 1595 4611 ut
1614 4520 1667 4613 de
1691 4531 1784 4616 vitis
1807 4526 1947 4621 modo

630 4630 1026 4774 Philosophorum,
1049 4640 1189 4742 modo
1210 4642 1539 4782 sophistarum,
1561 4654 1701 4754 modo
1724 4692 1947 4763 utrorum-

1694 4830 1791 4921 euJ
