4422 5692
955 522 1078 637 Caput
1099 509 1287 602 decimum
1303 510 1493 640 quintum.
1812 559 1880 636 223

593 633 811 713 clianalibus
832 631 1003 742 cymbala
1026 636 1360 745 concrepantibus3
1381 668 1461 745 qua·
1481 631 1553 745 ipse
1573 640 1714 716 Mutius
1732 645 1770 717 in
1790 642 1879 721 lior.
1905 684 1925 716 u

593 766 635 819 to
655 767 759 821 tenet
785 739 856 819 luo,
892 747 1049 850 Repetit
1067 749 1158 821 item
1185 744 1320 823 statuas
1347 746 1442 823 bene
1461 746 1623 842 multat,
1651 776 1730 853 qua
1751 774 1877 827 tamen
1905 793 1922 824 u

592 854 795 957 antiquitus
813 848 890 926 istic
910 850 982 926 fitae
999 874 1226 949 nouerant,
1250 853 1353 928 nullo
1373 858 1508 962 quippe
1529 854 1660 931 ordine
1677 856 1878 954 jacebant,
1905 897 1925 930 ε.

594 984 664 1035 nec
710 957 875 1063 uidpiam
900 956 1138 1063 reliquiarum
1155 957 1299 1034 aedificii
1323 964 1455 1038 veteris
1475 962 1615 1039 aderat.
1646 964 1805 1039 Putatur
1821 995 1880 1041 ar.
1904 1018 1910 1033 t

591 1090 668 1142 tem
684 986 785 1142 insse
804 1064 895 1141 olim
918 1069 956 1141 in
977 1069 1083 1142 vinea
1100 1069 1214 1172 patris
1233 1069 1307 1142 mei
1326 1131 1337 1163 ,
1362 1070 1490 1172 inqua
1515 1074 1611 1145 muri
1630 1096 1737 1146 erant
1761 1071 1875 1148 theti>
1904 1134 1908 1141 .

590 1171 770 1249 statuariis
787 1175 938 1269 ornati,
965 1171 1232 1280 verisimileque
1270 1170 1322 1249 est
1347 1198 1559 1281 exportatas
1583 1177 1670 1253 inde
1688 1182 1727 1252 in
1749 1179 1874 1255 villum
1916 1229 1920 1243 κ

590 1282 641 1357 D.
662 1278 792 1358 Caroli
810 1282 923 1358 Mutii
935 1274 1045 1356 fuisse.

644 1386 835 1466 Columna
852 1385 916 1462 illa
936 1380 1041 1492 supra
1060 1411 1269 1461 memorata
1288 1413 1334 1463 ex
1352 1387 1561 1466 alabastrite
1582 1386 1771 1495 pellucido
1790 1456 1799 1485 ,
1830 1418 1873 1469 ca

590 1493 643 1572 est
661 1561 671 1594 ,
690 1520 733 1571 ut
755 1493 932 1593 uidetur,
981 1521 1033 1569 ua:
1053 1496 1091 1568 in
1115 1489 1345 1571 bibliotheca
1364 1502 1549 1573 Vaticana
1572 1496 1761 1591 consistit,
1789 1525 1867 1575 ere.

588 1607 646 1679 &a
663 1668 673 1702 ‚
691 1602 845 1700 striata,
864 1627 938 1707 qua
953 1521 1178 1677 sublimitate
1196 1626 1322 1677 narrat
1338 1600 1546 1679 Flaminius,
1569 1606 1713 1678 Faunus
1732 1631 1867 1689 autem,

572 1709 662 1788 'sive
679 1710 844 1807 SilenuS,
865 1707 1056 1785 Bacchum
1075 1704 1256 1785 infantem
1272 1707 1427 1785 brachio
1437 1708 1649 1820 gestans,in
1660 1708 1776 1788 hortu
1789 1716 1870 1788 Pm-

590 1823 652 1893 ciis
672 1817 854 1896 Mediceis
870 1815 1018 1893 videtur
1036 1880 1046 1914 ,
1065 1813 1188 1891 sormd
1207 1810 1400 1923 spedabili.

642 1924 849 2032 Quodnam
874 1922 986 2001 suen't
1009 1921 1137 2000 nobile
1166 1946 1242 2000 tem
1272 1922 1348 2000 lum
1367 1951 1389 2000 a
1407 1922 1590 2001 Flaminio
1613 1920 1773 2034 superius
1792 1927 1863 2006 des

588 2037 751 2138 criptum
773 2096 783 2129 ,
809 2035 927 2138 aperit
945 2027 1132 2137 inscriptio
1148 2057 1170 2105 a
1185 1950 1314 2109 fullio
1330 2030 1444 2109 allata
1459 2097 1468 2129 ,
1485 2035 1523 2107 in
1540 2026 1682 2141 istisque
1702 2033 1792 2111 loen
1810 2038 1871 2115 de-

585 2135 789 2246 prehensa,
805 2166 886 2244 quae
903 2137 952 2214 stc
969 2136 1110 2214 habet:

633 2356 685 2421 M.
700 2356 932 2423 AVRELIVS
951 2355 1188 2425 PACORVS.
1207 2360 1260 2425 M.
1275 2358 1512 2426 COCCEIVS
1528 2358 1839 2428 STRATOCLES

633 2450 814 2513 AEDITV
823 2453 834 2514 1
851 2447 1053 2513 VENERIS
1073 2451 1365 2519 HORTORVM
1385 2450 1838 2518 SALLVSTIANORVM

632 2538 787 2606 BASEM
815 2541 920 2607 CVM
952 2540 1611 2703 ΡΑνὲΜὲῖἦὶῖάῗάἰέἒγὲῐΙξέἑΟΚΑΤΟ
1637 2543 1834 2613 DEANAE

636 2783 709 2859 Per
728 2777 850 2860 basem
870 2785 995 2887 itaque
1011 2781 1223 2891 intelligas,
1248 2783 1430 2890 quidquid
1448 2781 1511 2862 sub
1528 2788 1745 2892 pavimento
1765 2815 1865 2887 crat,

581 2915 606 2965 a
626 2894 756 2969 Vacca
774 2884 998 2996 descriptum
1026 2955 1036 2987 ,
1055 2914 1096 2965 ut
1117 2891 1270 2995 quidem
1289 2891 1482 2970 verisimile
1496 2894 1663 2972 videtur:
1674 2901 1866 3002 pavimen-

582 3021 663 3072 tum
693 3024 963 3074 marmoratum
989 2989 1148 3103 superius
1169 2997 1217 3073 ab
1242 2999 1379 3076 eodem
1406 3025 1628 3100 enarratur,
1657 3004 1720 3107 qui
1743 3002 1868 3080 lucem

583 3103 686 3180 haud
710 3110 901 3182 minimam
927 3103 1012 3180 huic
1029 3098 1255 3212 inscriptioni
1268 3105 1401 3183 adfert.
1422 3106 1634 3186 Penultima
1649 3137 1723 3184 vox
1741 3111 1866 3188 ΒΕΑ-

583 3214 623 3288 N
629 3214 691 3288 AB
712 3239 734 3287 a
753 3214 889 3289 Graco
908 3209 1017 3301 πηνα
1034 3210 1281 3310 confedaest,
1296 3221 1333 3291 &
1349 3215 1447 3290 deam
1462 3214 1652 3323 significat.
1674 3214 1865 3293 Subterra.

582 3346 696 3397 neum
719 3319 813 3396 illud
837 3322 1100 3396 ornatibmum
1129 3348 1214 3397 cum
1240 3320 1428 3397 canalibus
1455 3386 1466 3420 ,
1490 3321 1742 3400 sacerdotibus·
1767 3319 1866 3402 sacra

583 3425 756 3525 adituris,
770 3425 969 3503 ablutionis
990 3420 1112 3525 causa,
1124 3427 1295 3505 struslum
1307 3452 1469 3535 putatur.
1486 3434 1529 3507 N
1531 3459 1581 3506 on
1597 3428 1780 3537 templum
1790 3460 1869 3508 ino.

582 3535 633 3608 do
649 3540 805 3614 Veneris
827 3534 999 3612 Sallustiae
1018 3600 1027 3631 ,
1046 3530 1108 3611 sed
1130 3534 1288 3613 statuam
1305 3532 1466 3641 ejusdem
1487 3537 1802 3645 deprehendimus
1827 3570 1862 3615 m

580 3640 720 3717 adibus
739 3648 930 3721 Vaticanis
955 3643 1141 3722 Belvedere
1169 3644 1271 3721 dictis
1290 3703 1302 3733 ,
1321 3642 1369 3718 ad
1399 3643 1577 3751 angulum
1603 3644 1796 3751 impluvii,
1825 3675 1861 3722 ut

581 3745 817 3857 inscriptione
850 3745 1015 3856 sequenti
1046 3749 1096 3825 acl
1122 3747 1247 3828 statua
1278 3748 1375 3827 istius
1399 3752 1534 3858 pedem
1561 3747 1740 3858 sculpta,
1777 3752 1863 3831 anu

582 3882 685 3937 ntur.

847 4027 1082 4106 teNERI
1110 4027 1319 4105 FELICI
1343 4028 1607 4109 SACRVM

670 4135 954 4213 SALLVSTIA
1096 4137 1359 4214 HELPlDVS
1380 4138 1431 4213 D.
1452 4137 1503 4213 D.
1520 4146 1545 4212 ι’.
1562 4131 1761 4212 dedicavit.

632 4288 786 4395 Templi
807 4290 1115 4401 iclmograpluam
1137 4314 1250 4398 atque
1267 4284 1501 4400 prospeclum
1521 4289 1585 4371 lale
1609 4287 1789 4369 delmearl
1807 4311 1863 4363 eu-

579 4421 749 4475 ravimus.
