4414 5692
421 482 482 587 318
860 465 1055 559 Diarium
1083 467 1286 561 Italicum.

422 585 531 673 causi
549 592 803 697 instruelum3
829 621 875 675 ac
902 600 1061 708 triginta
1085 602 1240 679 circiter
1265 598 1383 678 rectos
1403 601 1443 678 in
1459 603 1752 711 peregrinorum

423 732 541 816 atque
560 704 776 785 incolarum
794 700 900 785 usum
919 773 931 808 ,
951 712 1017 817 qui
1034 708 1265 788 infirmitatis
1281 709 1405 821 gratid
1425 708 1623 791 balneis&
1641 707 1751 792 suda-

423 822 530 896 toriis
555 845 714 930 operam
736 816 886 898 darent.
914 824 1055 902 Vicum
1075 819 1221 901 ibidem
1238 818 1562 932 populofiffimum
1583 819 1750 901 diverso.

424 932 486 1008 riis
503 927 623 1009 tribus
644 951 825 1007 ornatum
847 996 858 1032 ,
883 957 955 1044 pro
974 930 1167 1011 nobilibus
1186 955 1303 1042 atque
1323 930 1491 1011 honestis
1511 938 1619 1035 viria,
1634 961 1753 1043 aquas

424 1038 567 1119 calidas
587 1068 659 1151 pro
679 1039 834 1160 medela
853 1042 1083 1153 petentibus.
1104 1040 1396 1143 Inerat,aiebat
1416 1042 1752 1145 ille,Pharmaco.

424 1151 572 1263 polium
592 1218 603 1253 ,
622 1150 727 1233 unde
745 1155 990 1255 nosocomio,
1009 1180 1052 1235 ut
1068 1152 1278 1234 :estimabat
1299 1150 1393 1264 ipse,
1405 1155 1578 1234 remedia
1591 1164 1628 1235 δι
1639 1155 1753 1267 phar-

424 1290 537 1342 maca
553 1258 936 1374 subministrarentur.
957 1270 1079 1376 Seque
1100 1264 1240 1345 exinde
1259 1295 1349 1343 cum
1369 1260 1437 1377 per
1455 1291 1609 1345 a‘tatem
1621 1294 1752 1347 rernm

425 1374 693 1455 conditionem
718 1401 856 1487 capere
875 1402 992 1487 atque
1011 1376 1194 1457 aestimare
1213 1375 1376 1456 facultas
1393 1374 1504 1477 esset,
1529 1374 1753 1487 comperisse

424 1485 752 1597 Tripergolanum
771 1480 1037 1567 nosocomium
1058 1486 1334 1598 Magistrorum
1355 1556 1365 1589 ‚
1399 1483 1615 1567 itascilicet
1637 1517 1754 1568 voca-

426 1595 521 1675 bant
542 1664 554 1699 ,
574 1625 667 1676 cura
686 1597 1004 1679 administratum.
1032 1602 1165 1707 quue
1184 1627 1345 1680 munere
1362 1597 1535 1679 fundum
1555 1594 1697 1680 novisse
1716 1597 1753 1682 se

426 1706 606 1788 Paridem
619 1708 879 1789 Adamianunt
891 1778 902 1811 ,
915 1710 1170 1790 Puteolanum
1191 1715 1339 1812 civem,
1355 1714 1419 1819 qui
1438 1738 1527 1788 cum
1544 1738 1648 1789 anno
1660 1742 1753 1822 quo-

426 1819 547 1922 dam,
566 1849 654 1899 nam
674 1848 844 1900 annuum
864 1845 947 1902 erat
969 1821 1139 1901 officium
1157 1888 1168 1921 ,
1189 1849 1270 1902 rem
1289 1819 1755 1932 Magistrinomiuerexis

426 1928 502 2031 set,
522 1926 679 2010 subinde
700 1930 869 2041 ejusdem
888 1928 1098 2011 nosocomii
1117 1936 1375 2043 patrocinium
1395 1940 1435 2013 ὅ(
1455 1961 1588 2012 curam
1608 1929 1757 2045 semper

427 2040 626 2121 habuerat.
657 2048 806 2122 Verum
825 2042 956 2154 elapfis
976 2042 1126 2153 aliquot
1143 2048 1252 2122 annis
1272 2110 1282 2146 ,
1299 2068 1479 2124 currente
1504 2050 1597 2149 1538.
1622 2045 1684 2125 die
1704 2043 1757 2125 fe.

428 2152 486 2233 sto
505 2157 538 2232 S.
557 2157 812 2265 Hieronymi,
833 2182 1092 2235 memoratam
1112 2153 1250 2234 urbem
1268 2179 1379 2236 terrae
1397 2153 1757 2266 motuingentilirc-

431 2262 570 2343 culsam
589 2259 717 2367 fuisse,
738 2261 983 2376 repetitisque
1003 2264 1147 2344 vicibus
1165 2264 1214 2345 fic
1231 2270 1415 2378 agitatam
1442 2334 1453 2367 ,
1475 2290 1518 2344 ut
1532 2295 1610 2378 prae
1627 2266 1759 2346 sormi-

433 2375 524 2456 dine
545 2376 704 2457 universr
722 2405 822 2488 pene
837 2373 959 2458 solum
977 2402 1175 2457 verterent
1188 2446 1197 2478 ‚
1209 2387 1247 2458 ὅ(
1263 2382 1402 2488 partim
1417 2375 1661 2488 Neapolinse
1672 2408 1760 2490 pro-

435 2491 635 2598 riperent,
680 2492 792 2568 artim
812 2491 1113 2599 circumquaque
1125 2493 1164 2567 in
1176 2484 1321 2569 diversa
1334 2486 1560 2599 locafugam
1570 2486 1756 2569 facerent.

434 2603 541 2679 Tum
562 2516 717 2677 condrsa
737 2607 775 2679 ὅ(
800 2597 965 2680 horrore
984 2599 1100 2710 plena
1119 2605 1276 2696 omnia,
1295 2627 1340 2677 ac
1361 2599 1386 2677 sr
1411 2599 1576 2678 mundus
1594 2624 1698 2679 totus
1716 2607 1757 2680 in

433 2714 685 2827 precipitium
705 2737 750 2788 ac
768 2714 979 2821 perniciem
995 2706 1086 2791 isset.
1112 2714 1303 2822 Pauperes
1321 2739 1392 2821 pro
1414 2708 1599 2790 fiicirltate
1621 2740 1756 2820 quem.

435 2849 510 2929 que
532 2828 594 2900 lua
612 2821 736 2900 nudos
753 2818 943 2934 aufugisse.
960 2826 1083 2931 Seque
1101 2851 1189 2900 cum
1209 2827 1290 2934 pari
1307 2820 1464 2899 consilio
1485 2821 1534 2899 ab
1552 2827 1758 2902 imminen-

434 2937 466 3034 ti
482 2936 599 3013 exitio
620 2962 708 3010 cum
729 2962 850 3013 uxore
871 2962 916 3012 ac
935 2931 1061 3013 liberis
1079 2932 1294 3013 declinaret
1312 3001 1322 3034 ,
1338 2930 1537 3012 offendisse
1557 2938 1595 3011 in
1614 2937 1758 3015 Puteo.

435 3042 523 3122 lana
535 3070 648 3154 porta
664 3042 866 3125 mulierem
875 3044 1052 3123 Zizulam
1064 3047 1474 3153 ironiirre,llierorrymi
1486 3043 1657 3124 Barberii
1668 3075 1760 3123 uxo-

434 3182 517 3234 rem
552 3150 821 3256 seminudam,
840 3156 945 3267 paffis
965 3155 1130 3234 crinibus
1148 3223 1160 3256 ,
1188 3156 1417 3265 indusroque
1438 3154 1628 3234 duntaxat
1652 3155 1757 3235 lineo

434 3264 691 3366 obvelatam,
718 3261 832 3346 asello
851 3270 998 3347 veclam
1026 3292 1067 3347 ut
1092 3271 1285 3377 ingruenti
1314 3272 1431 3345 ruinae
1460 3263 1496 3346 se
1520 3263 1760 3347 subduceret.

434 3382 537 3457 Turn
559 3378 701 3485 ejulare
718 3404 884 3479 omneS,
913 3382 1077 3490 gemitus
1097 3380 1214 3457 edere
1233 3447 1244 3479 ,
1266 3374 1567 3458 misericordiam
1590 3377 1762 3458 divinam

436 3487 653 3600 implorare.
676 3487 751 3567 Sub
771 3488 874 3591 laec,
890 3484 1237 3600 primisecundive
1251 3493 1370 3568 nodis
1383 3489 1491 3590 hora,
1502 3492 1678 3599 proxime
1691 3519 1761 3567 no.

434 3596 644 3678 socomium
662 3598 769 3678 hiatu
787 3624 904 3710 atque
925 3605 1109 3711 voragine
1129 3598 1250 3701 facta,
1268 3604 1307 3677 in
1326 3599 1498 3708 quodam
1524 3600 1614 3677 loco
1634 3602 1761 3701 culfu-

435 3710 527 3807 arasr
550 3739 712 3805 nomen,
726 3711 961 3793 horrendam
983 3708 1142 3822 erupisse
1161 3711 1382 3811 flammam,
1404 3738 1527 3791 arenae
1545 3736 1762 3821 petrarum-

436 3852 509 3931 que
522 3829 596 3899 xim
610 3827 816 3900 maximam
829 3821 1035 3903 altitudine
1055 3820 1272 3900 incredibili
1292 3819 1764 3930 emissam&circumqua-

437 3963 510 4042 que
533 3927 718 4042 spadam:
739 3932 851 4034 liinc,
873 3933 1021 4033 aiebat,
1040 3936 1234 4033 tonitrua,
1255 3931 1426 4043 fulgura,
1445 3933 1642 4011 tremendi
1660 3938 1765 4042 ignes

436 4068 580 4124 terram
598 4044 767 4152 undique
793 4043 1071 4123 collustrabant
1091 4111 1101 4142 ‚
1124 4044 1239 4124 areni
1265 4048 1366 4122 inter
1384 4044 1466 4121 liae
1492 4042 1627 4153 pluvia
1648 4042 1765 4122 instar

439 4155 656 4236 decidente.
701 4161 941 4266 Voraginem
962 4153 1069 4231 illam
1088 4160 1286 4263 ingentem
1316 4152 1624 4261 infernalemque
1648 4221 1658 4254 ,
1681 4184 1764 4262 quat

438 4294 597 4378 propter
614 4271 726 4343 maris
747 4295 856 4345 oram
878 4270 1004 4376 primo
1025 4291 1226 4373 eruperat,
1244 4269 1369 4343 vicina
1383 4260 1500 4373 spatia
1511 4260 1641 4343 sensim
1655 4295 1765 4343 occu-

439 4374 537 4487 passe
558 4446 568 4477 ,
594 4376 700 4454 nulla
719 4383 966 4488 eruptionum
986 4442 997 4472 ,
1019 4374 1123 4453 nulla
1143 4378 1270 4481 ejeela:
1285 4378 1455 4454 materne
1473 4374 1565 4452 data
1585 4374 1767 4455 intermis-

441 4489 704 4590 sione,donec
724 4513 948 4597 correptum
967 4484 1079 4565 clade
1098 4510 1207 4564 tanta
1226 4516 1250 4564 o
1281 4485 1454 4595 pidulnm
1476 4510 1593 4594 atque
1610 4482 1766 4563 nosoco.

443 4604 560 4676 mium
582 4667 592 4699 ‚
612 4599 713 4707 quasi
732 4598 906 4708 stipulam
924 4600 1002 4707 igni
1021 4596 1204 4675 traditam
1234 4516 1448 4677 absumeret
1471 4664 1482 4697 ‚
1508 4596 1766 4705 obrueretque

443 4712 590 4819 magnit
611 4706 786 4788 molibus,
801 4713 989 4816 Datoqne
1009 4706 1192 4786 horarum
1214 4712 1349 4819 viginti
1367 4732 1534 4816 quatuor
1551 4703 1670 4817 spatio
1682 4775 1692 4806 ‚
1705 4709 1768 4787 de-

444 4819 557 4920 letis,
583 4815 790 4921 absumtis,
816 4813 1049 4932 perditisque
1078 4817 1280 4921 omnibuS,
1316 4847 1426 4896 mons
1452 4816 1517 4899 ille
1549 4847 1670 4898 novus
1701 4845 1766 4897 eo.
