4422 5692
890 458 1078 554 Diariam
1098 459 1293 556 Italicam.

461 659 1704 701 Ἣ

868 772 1119 861 ΕΑΡιιτ
1187 770 1306 860 Xll.

433 969 588 1054 DIES
635 963 731 1081 Q)
744 963 770 1046 1
779 959 919 1047 NTA.
957 956 1186 1049 Auentinus
1202 989 1321 1049 mons.
1337 964 1537 1089 Templum
1556 966 1720 1085 &baie

496 1122 612 1182 neum
635 1087 859 1187 merarii.
891 1090 990 1183 eccle
1003 1122 1044 1180 aa
1072 1107 1115 1182 S.
1150 1087 1309 1185 Sabina.
1342 1103 1614 1226 inscriptiones
1639 1100 1718 1193 ibi.

497 1225 598 1316 dem.
611 1216 864 1350 Epitaphium
887 1226 1066 1352 Hugonis
1083 1225 1309 1317 cardinalis
1327 1228 1557 1357 restitutum.
1579 1236 1717 1361 Epita»

488 1352 633 1485 phium
666 1355 827 1450 euronii.
855 1356 951 1449 Alia
984 1358 1161 1485 quadam
1187 1364 1231 1449 in
1265 1363 1394 1453 codem
1429 1391 1567 1458 monte.
1599 1378 1719 1459 vana

491 1491 663 1620 grandis
683 1500 725 1582 V
721 1486 905 1616 rspafiani
924 1501 985 1615 (ᾧ
1000 1494 1082 1584 Titi
1110 1495 1154 1583 in
1174 1489 1320 1611 ecclesta
1341 1509 1383 1588 S.
1405 1491 1523 1615 Saba.
1547 1513 1609 1590 De
1622 1526 1719 1589 cem-

490 1625 565 1753 pla
597 1623 761 1716 Silvani
785 1625 829 1714 in
850 1628 1065 1716 Aventino.
1091 1627 1339 1742 Namifinata
1348 1629 1507 1721 Helena
1517 1631 1714 1759 Magustae.

500 1755 696 1850 Sacellum
719 1755 875 1884 elegans
898 1754 1074 1847 abienus
1083 1753 1363 1890 perfhrnicem
1379 1762 1524 1856 adicus.
1540 1779 1603 1855 Dc
1623 1768 1716 1894 qui-

498 1887 660 2021 bustlam
675 1903 797 2019 pcipe
825 1889 1027 1985 Duliolum
1064 1900 1201 1985 erucis.
1228 1892 1336 1988 ucula
1351 1927 1390 1981 ca
1412 1910 1452 1986 S.
1477 1897 1608 1992 Pauli.

561 2106 631 2185 Ac
650 2103 711 2182 die
728 2099 872 2184 cursum
881 2107 1015 2184 inimus
1030 2103 1079 2184 ab
1101 2105 1292 2186 Aventino
1300 2128 1441 2184 monte.
1465 2107 1639 2213 Inprimo
1651 2103 1716 2182 cli-

564 2217 599 2291 vi
617 2211 721 2290 aditu
736 2235 817 2292 erat
833 2237 910 2293 tem
939 2212 1016 2293 lum
1034 2217 1216 2295 Mercurii
1233 2213 1281 2292 de
1299 2241 1374 2324 quo
1398 2215 1619 2319 Anonymus
1647 2238 1717 2289 no-

432 2321 505 2401 ster
520 2319 627 2405 infra.
644 2241 962 2423 InAucntinadit
976 2321 1137 2426 templum
1163 2334 1337 2405 Mercurii
1363 2328 1527 2424 aspiciens
1555 2333 1591 2397 in
1613 2333 1718 2410 circo,

432 2428 478 2523 ὠ
494 2432 654 2531 templum
669 2429 835 2509 racadu
854 2428 899 2521 όν
912 2430 990 2532 fans
1009 2441 1202 2523 Mercurii,
1217 2427 1277 2506 ubi
1294 2451 1488 2506 mercatores
1502 2424 1717 2529 accipiebant

433 2537 587 2649 rasponsta.
609 2539 704 2615 Haec
721 2533 784 2623 ille
806 2537 955 2638 vitiati,
973 2542 1028 2615 uti
1044 2531 1163 2637 solet,
1190 2532 1370 2617 sententid
1386 2562 1432 2618 ex
1457 2532 1569 2617 Fastis
1586 2531 1718 2615 Ovidii

433 2642 494 2725 lib.
513 2675 546 2725 v.
576 2666 766 2723 mutuatus
793 2642 847 2723 est
863 2710 875 2745 ,
892 2643 955 2723 ubi
968 2648 1023 2724 ita
1040 2643 1219 2756 legimus,

592 2750 742 2854 Templa
768 2751 836 2829 tibi
849 2751 982 2864 paficacr
990 2775 1109 2856 patres
1117 2751 1315 2863 spcflantia
1335 2763 1491 2845 Circum,

655 2857 803 2955 Idibus,
821 2891 864 2939 ex
890 2864 946 2939 ido
963 2865 1009 2965 est
1026 2858 1096 2939 bac
1111 2861 1178 2938 cc'bc'
1185 2860 1277 2963 festa
1295 2861 1376 2939 dies.

597 2976 633 3051 T
634 2999 651 3046 c
660 3027 671 3061 ‚
715 2981 893 3075 uiciumque
907 2968 995 3079 sacac
1008 2967 1207 3071 profitentur
1221 2967 1363 3046 vendere
1380 2993 1522 3061 marcas,

659 3089 695 3154 T
741 3106 775 3152 re
796 3075 898 3167 data,
916 3074 1053 3153 tribuas
1072 3074 1187 3185 ucstbi
1197 3074 1427 3185 lacracagant.

599 3185 651 3272 Fri
672 3210 772 3288 aqua
792 3192 963 3263 Mercurii
980 3205 1086 3284 porca
1103 3193 1222 3260 vicina
1242 3196 1411 3283 Capena,

664 3300 705 3371 Sc'
716 3297 828 3392 javat
843 3303 990 3394 expertis
1005 3292 1142 3391 credere,
1157 3318 1276 3368 numen
1291 3286 1404 3366 habet.

490 3400 554 3476 De
578 3395 723 3507 templo
746 3400 873 3505 itaque
887 3399 1069 3476 Mercurii
1088 3396 1169 3477 haec
1194 3394 1376 3475 habemus
1395 3428 1405 3473 ε
1426 3392 1718 3501 eodemquesrtu

457 3508 603 3582 roximo
619 3501 748 3583 saeculo
768 3497 1040 3614 deprehensum
1059 3526 1137 3584 tem
1166 3502 1243 3583 ium
1254 3505 1572 3583 Mercuriiuarrat
1590 3504 1718 3611 Ange·-

430 3530 539 3689 iimus
555 3615 593 3690 in
612 3617 666 3691 M.
679 3612 854 3712 Aurelio,
865 3640 951 3690 cuni
970 3638 1035 3689 ara
1051 3531 1215 3720 ejusdcm
1232 3609 1365 3720 templi
1384 3619 1422 3691 ὃ(
1437 3614 1609 3719 porticu,
1626 3635 1718 3717 qua.

431 3717 475 3795 lis
494 3719 706 3829 depingitur
722 3724 759 3797 in
779 3724 938 3799 nummis
955 3723 1011 3801 M.
1027 3719 1171 3799 Aurelii
1190 3748 1276 3797 cum
1297 3713 1535 3829 inscriptione
1544 3718 1717 3797 RELIG.

431 3827 633 3908 AVG.De
643 3825 749 3907 fonte
767 3850 893 3907 autem
905 3831 1104 3927 Mercurii,
1124 3853 1236 3936 quem
1256 3825 1397 3907 ibidem
1407 3848 1597 3921 memorat
1612 3824 1716 3902 Ano-

431 3963 585 4042 nymm,
605 3934 747 4012 nonnisi
771 3939 810 4016 in
825 3935 1031 4043 Anonymo
1050 3934 1223 4013 uliononi
1235 3929 1375 4036 saeculi,
1392 3938 1493 4043 cujus
1518 3932 1645 4011 locum
1663 3927 1718 4008 su-

431 4046 554 4152 perius
577 4040 798 4143 adtulimus,
815 4046 1047 4125 mentionem
1071 4045 1203 4153 reperi.
1224 4046 1282 4122 Sic
1300 4041 1375 4121 ilie.
1391 4044 1543 4144 Indcper
1556 4037 1718 4121 Scholam

433 4148 703 4230 Gracammsibc‘
726 4162 761 4229 c'n
789 4154 905 4255 cnistra
920 4147 1066 4231 Eccleca
1074 4144 1718 4256 GraecarumIbiestaquafiabtarmon-

433 4281 500 4335 tam
517 4266 736 4338 Aventinum
754 4285 901 4351 currens,
919 4256 1026 4339 Scala
1041 4257 1192 4369 usquein
1209 4280 1352 4335 mantem
1360 4250 1716 4344 Aventinumffial-

432 4394 528 4442 aerim
545 4378 727 4446 Mercurii.
746 4363 978 4443 AEstimurim
996 4389 1123 4444 aurem
1135 4363 1311 4441 balneum
1327 4365 1557 4441 Mercurii&
1572 4359 1719 4438 fontem

432 4471 481 4549 ab
491 4471 610 4553 altero
621 4473 826 4580 Anonymo
836 4497 1089 4551 memoratum
1100 4466 1276 4581 ,idipsum
1286 4467 1366 4550 effe.
1382 4476 1489 4552 Nam
1503 4495 1601 4578 aqua
1611 4471 1716 4546 Mer-

435 4584 526 4657 curii
546 4579 593 4660 de
642 4607 688 4656 ua
699 4580 871 4679 Ovidius,
882 4607 968 4658 cum
986 4604 1105 4690 porte
1116 4583 1238 4658 vicina
1246 4581 1409 4688 Capeuae
1418 4578 1543 4677 fuerit,
1562 4602 1639 4655 non
1648 4603 1716 4684 po-

439 4686 508 4767 test
527 4609 689 4773 esiciam
706 4686 769 4770 ille
793 4689 1013 4803 Anonymi,
1032 4691 1215 4774 Mercurii
1231 4692 1385 4769 nomine
1402 4688 1601 4873 mfignrius'
1641 4791 1646 4805 .

1546 4813 1716 4872 venturus
