4414 5692
961 453 1089 570 Capru
1118 437 1312 531 decimum
1333 436 1534 530 mavum.
1841 480 1908 563 253

640 576 721 655 Hic
738 567 949 686 repetenda
966 574 1005 649 in
1023 572 1250 649 memoriam
1271 592 1355 677 quae
1382 566 1432 647 de
1447 569 1559 647 aneis
1576 590 1773 647 armorum
1791 595 1907 679 geue-

591 684 690 765 ribus
706 682 755 763 ad
774 682 876 763 ardes
899 674 1123 762 Trevisanas
1141 675 1304 787 superius
1324 677 1488 756 diximus
1504 707 1539 789 p.
1562 706 1624 778 70.

642 798 752 876 Hinc
768 798 845 873 itur
859 797 899 872 in
915 788 1115 871 ecclesiam
1134 789 1167 867 S.
1184 792 1317 867 Mariae
1336 792 1376 866 in
1393 787 1598 868 Vallicella
1617 854 1629 890 ,
1679 816 1734 866 uae
1751 788 1907 870 struclu.

591 933 661 999 ra,
681 900 910 983 sublimitate
930 968 942 1002 ,
965 893 1273 1005 ornamentisque
1293 902 1429 997 variis,
1456 899 1605 1010 infignis
1623 818 1687 980 cll.
1722 898 1777 979 lbi
1800 895 1908 1011 susp'r

592 1021 744 1094 ciuntur
763 1013 892 1093 statuar
906 1010 1006 1091 bine
1023 1014 1055 1092 S.
1067 1011 1226 1121 joannis
1243 1006 1416 1116 Baptista.
1436 1016 1473 1086 ἃ
1493 1012 1906 1121 §.joannislivaugelr-

592 1119 1070 1236 stoe„sculptoreflaminio
1082 1126 1211 1199 Vacca
1223 1120 1350 1223 ,cujus
1367 1112 1648 1200 observationes
1667 1118 1908 1231 proferimus.

591 1232 788 1325 Ecclesraa
801 1232 974 1314 Patribus
991 1232 1165 1311 Oratorii
1181 1229 1346 1309 Domini
1356 1223 1443 1338 Jesu
1456 1228 1827 1341 cultn,rnaguilicum
1839 1233 1904 1311 lra-

591 1340 1126 1455 betadjuuclumeommdem
1139 1336 1399 1437 Coenobium,
1417 1346 1455 1416 &
1474 1338 1754 1419 bibliothecam
1777 1371 1908 1423 nume-

590 1452 714 1536 rosim
735 1522 754 1558 ,r
774 1484 847 1538 nec
870 1451 1066 1534 codicibus
1083 1445 1268 1529 manuscri
1298 1451 1344 1525 tis
1371 1474 1542 1525 vacuam.
1579 1452 1707 1558 Hujus
1725 1454 1912 1533 Crunobn

592 1565 767 1646 alumnus
784 1564 838 1646 est
856 1631 867 1666 ,
885 1569 924 1642 in
942 1588 1067 1671 eoque
1088 1556 1193 1640 sedes
1222 1476 1341 1636 halet
1357 1558 1671 1637 Eminentilhmus
1693 1563 1907 1641 Cardinalu

591 1680 892 1759 Cortoueuus
903 1741 914 1775 ,
926 1678 1069 1784 pietate
1080 1674 1137 1750 vir
1147 1662 1381 1781 egregiisque
1391 1664 1597 1746 aliisanimi
1608 1668 1761 1749 dotibus
1778 1674 1901 1754 iusim.

587 1791 679 1886 elus,
691 1815 768 1895 quo
779 1811 945 1898 patrono
954 1811 1024 1894 per
1034 1785 1156 1861 otium
1166 1784 1390 1862 Romanurn
1401 1777 1453 1856 us
1464 1772 1597 1857 sumus.
1618 1781 1729 1857 lsnos
1739 1781 1906 1890 plerum*

591 1926 666 2007 que
678 1902 794 1976 xeniis
805 1897 1032 1994 honoravit,
1050 1916 1166 2001 atque
1182 1889 1431 1968 humanitatis
1441 1888 1573 1968 officiis
1583 1883 1832 1998 prosequutus
1844 1894 1906 1973 est,

645 2011 754 2086 Hinc
776 2012 814 2085 in
835 2001 1115 2085 Caucellariam
1145 2008 1222 2081 itur
1240 2067 1250 2100 ,
1270 1998 1370 2080 aedes
1395 1995 1537 2079 scilicet
1562 2004 1615 2076 ita
1641 2027 1908 2111 nuncupatae,

587 2115 798 2230 porticibus
816 2116 1039 2207 instruebas,
1059 2106 1319 2218 columnisque
1339 2138 1386 2191 ex
1406 2116 1559 2220 granito
1578 2135 1772 2191 marmore
1791 2113 1907 2192 deco.

589 2254 699 2307 ratas.
726 2225 975 2307 Cancellariae
995 2222 1163 2302 officium
1180 2217 1353 2329 cedesque
1373 2217 1465 2330 ipsas
1480 2222 1908 2330 occupatlimiuentillr-

570 2395 572 2398 ι
590 2367 673 2416 mus
695 2335 910 2418 Cardinalis
937 2336 975 2414 O
990 2360 1053 2412 rr
1068 2360 1095 2413 o
1110 2360 1131 2413 u
1146 2361 1174 2412 o
1189 2357 1291 2413 uua
1307 2396 1323 2432 ,
1340 2334 1415 2438 qui
1432 2327 1574 2410 facileis
1592 2329 1702 2410 uobis
1722 2332 1773 2410 ad
1794 2327 1828 2415 se
1850 2338 1910 2414 Bi.

591 2446 904 2557 bliotlrecamque
928 2441 1033 2525 suam
1058 2443 1183 2524 aditus
1215 2439 1362 2551 semper
1387 2441 1596 2543 concessit,
1619 2468 1663 2519 ac
1680 2470 1753 2551 pro
1771 2470 1817 2525 ea
1835 2472 1915 2553 qua

591 2557 713 2667 pollet
733 2557 972 2637 humanitate
991 2563 1030 2634 &
1048 2549 1622 2661 nrurrificcntia„codicunr.pro
1643 2578 1736 2629 voto
1757 2558 1909 2664 copiam

591 2666 693 2747 fecit.
725 2666 965 2746 Bibliotheca
981 2662 1066 2746 sane
1088 2665 1214 2765 istac,
1243 2660 1423 2742 codicum
1442 2661 1695 2741 librai'corum
1716 2663 1910 2762 ,Gracco-

590 2807 677 2856 rum
698 2846 709 2878 ,
730 2780 1031 2884 Latinorumque
1050 2772 1261 2885 praestantii
1278 2781 1317 2852 ὅ(
1332 2797 1495 2851 numero
1512 2766 1580 2850 soli
1596 2775 1796 2854 Vaticauae
1815 2803 1910 2852 con-

594 2888 708 2967 cedit.
739 2888 887 2966 Aderat
907 2886 1037 2966 officiis
1054 2882 1121 2964 suis
1140 2888 1197 2965 vir
1217 2883 1350 2961 doetus
1367 2876 1910 2991 amicusquenosterBlanchi

595 3002 676 3075 nius
695 3022 785 3075 tuuc
806 2993 1039 3107 supelleclilis
1055 3020 1172 3074 tanta:
1184 2991 1400 3104 praeseclus,
1417 2995 1619 3100 quemjam
1631 2986 1795 3072 summus
1807 2995 1912 3073 Pon-

596 3105 689 3187 tiser
701 3106 975 3186 eruditionisac
988 3103 1180 3184 modestiae
1192 3097 1353 3183 causain
1365 3098 1688 3182 cubiculariorum
1707 3130 1911 3183 numerum

596 3214 799 3327 adscripsit.
837 3218 1039 3295 Horumce
1061 3214 1241 3293 codicum
1258 3210 1497 3322 peramplam
1519 3216 1697 3291 notitiam
1717 3218 1914 3311 eruimus,

597 3354 680 3436 quae
700 3326 864 3436 quidem·
875 3324 1056 3437 prolixior
1076 3391 1087 3426 ,
1109 3352 1224 3434 quam
1241 3347 1284 3401 ut
1303 3320 1441 3401 inboc
1455 3324 1593 3401 Diario
1611 3322 1742 3403 locum
1761 3321 1904 3402 habear

595 3441 649 3519 Ex
670 3435 866 3517 codicibus
885 3432 1048 3541 ejusdem
1069 3434 1312 3514 bibliotheca
1330 3432 1475 3513 Gracia
1494 3461 1582 3511 non⁴
1592 3460 1714 3543 pauca
1723 3428 1914 3541 exscripsi.

595 3575 680 3626 mus
703 3551 760 3628 SS.
781 3549 1104 3655 Patrem-opera,
1127 3574 1231 3656 qua,
1249 3546 1342 3623 Deo
1354 3545 1532 3651 juvante,
1548 3547 1587 3621 in
1597 3541 1793 3652 publicum
1805 3551 1915 3622 emit.

596 3678 738 3738 rentur.
764 3653 885 3738 Adest
904 3660 996 3736 item
1014 3655 1209 3767 perampla
1225 3680 1322 3765 gaza
1338 3649 1758 3763 numismatummagni
1774 3653 1914 3733 modu.

596 3765 624 3845 li
649 3835 660 3868 ,
685 3766 1023 3879 Augustorumque
1050 3762 1157 3846 series
1183 3764 1356 3874 eleganso>
1384 3765 1522 3843 Haret
1539 3760 1686 3841 aedibus·
1698 3762 1860 3842 ecclesa
1879 3767 1913 3843 S:

598 3879 796 3959 Laurentii
811 3882 849 3958 in
867 3869 1038 3958 Damaso
1059 3944 1068 3976 ,
1091 3874 1139 3953 sic
1160 3874 1264 3952 dicla
1277 3877 1366 3982 quia
1383 3899 1405 3949 a
1424 3868 1593 3950 Damaso
1612 3873 1718 3981 Papa
1735 3880 1913 3951 excitata.

597 3990 707 4068 Nam
725 3985 798 4100 ipse
819 3986 998 4068 Pontifex
1020 3975 1542 4090 construendisornandu‘que
1557 4008 1625 4093 per
1635 3982 1916 4062 Urbemeccle.

598 4098 675 4199 sris,
696 4128 775 4177 non
793 4105 971 4210 exiguam
990 4123 1147 4207 operam
1165 4098 1328 4173 navavit.

653 4211 680 4287 F
702 4238 723 4289 t
746 4239 773 4290 a
797 4239 830 4291 ta
853 4241 865 4288 1
892 4237 918 4287 u
940 4240 952 4287 r
976 4241 1005 4291 u
1027 4236 1044 4288 s
1086 4212 1122 4289 V
1145 4235 1173 4287 A
1193 4234 1217 4287 c
1242 4234 1264 4285 c
1288 4236 1328 4285 n.
1364 4206 1570 4285 Recordor
1597 4230 1659 4282 me
1690 4196 1754 4282 sub
1772 4203 1914 4282 :edibus
1937 4247 1960 4281 u

600 4315 835 4422 Gallorum,
865 4320 958 4398 dum
988 4345 1219 4401 excavarent
1245 4342 1421 4427 tempore
1450 4316 1631 4423 Gregorii
1658 4316 1766 4394 Xlll.
1787 4312 1912 4393 vidisse
1934 4358 1958 4390 n

597 4430 794 4540 ingentem
811 4458 1069 4511 marmoream
1088 4457 1225 4508 urnam
1244 4495 1256 4529 ,
1276 4456 1358 4537 quac
1378 4434 1418 4506 in
1437 4426 1605 4538 plateam
1625 4429 1912 4505 Navonamex-
1935 4466 1957 4502 <r

598 4539 841 4649 portata.fuit
860 4607 871 4638 ,
890 4539 955 4619 illrl
973 4568 1074 4621 nunc
1098 4538 1284 4649 aquandis
1298 4544 1480 4647 jumentis
1498 4560 1665 4617 unitatur.
1685 4535 1912 4645 Deprehen-
1935 4577 1959 4613 ιι

598 4646 634 4729 sa
653 4678 805 4759 quoque
824 4650 903 4730 istic
923 4646 1006 4729 sunt
1025 4648 1210 4760 insculpta
1229 4647 1401 4761 clypeis,
1421 4655 1622 4757 tropaeis&
1640 4644 1910 4726 callidibuaca.
1933 4688 1958 4722 u

595 4757 756 4872 pirella,
784 4789 866 4872 que
894 4760 1037 4840 indicio
1061 4786 1171 4842 erant
1198 4756 1302 4843 fuisse
1325 4760 1406 4842 istit
1431 4758 1524 4838 olim
1545 4756 1733 4867 templum
1755 4755 1911 4868 aliquod
1934 4794 1956 4826 «ι

1654 4869 1691 4944 li
1721 4870 1757 4952 iil
