4422 5692
451 556 475 593 θ)

451 666 475 701 5)

450 775 475 811 l)

450 885 475 920 Ἰ)

450 992 475 1028 >2

451 1102 475 1137 ὓ

451 1211 475 1245 ⁵>

452 1319 475 1352 ’1

451 1428 475 1463 ἳ)

451 1536 475 1571 >>

450 1643 474 1680 l>

501 445 576 522 ¹94
983 399 1382 495 Diariumltalicum.

502 528 815 639 quamfoeterent.
839 528 957 608 Cettb
977 555 1137 607 vacuum
1158 527 1251 606 illud
1271 535 1437 638 quinque
1454 527 1667 637 palmorum
1686 534 1797 614 afor-

501 642 585 719 nice
603 639 652 716 ad
671 636 747 716 olla
765 704 776 737 ,
795 664 842 717 ex
861 666 908 716 eo
929 636 1203 746 proveniebat,
1225 638 1328 745 quod
1342 632 1542 715 consumtis
1559 640 1794 721 carnibusos-

498 742 536 824 sa
551 748 862 857 deprimerentur.
882 751 921 824 N
928 775 986 823 nm
1011 744 1311 824 [insistentibus
1329 745 1506 825 destituta
1525 755 1563 825 ἃ
1580 749 1685 827 arida
1704 781 1794 829 con-

498 859 595 966 jeela
612 856 702 936 istuc
716 853 890 954 titillent,
915 851 1029 965 usque
1049 856 1098 933 od
1121 850 1303 932 luminum
1323 880 1406 933 tota
1421 864 1703 936 concameratio
1713 859 1793 970 ple-

500 992 550 1043 na
567 960 790 1045 remansiffet
810 1009 820 1063 3
838 963 888 1041 ad
905 963 1007 1064 baec,
1031 956 1106 1041 offa
1119 967 1335 1085 permixtim
1351 962 1471 1073 posita
1487 967 1704 1046 viderentur
1716 1034 1725 1069 ‚
1737 994 1792 1046 at-

502 1077 565 1182 qui
581 1100 742 1183 eorpora
758 1077 926 1182 integra,
966 1072 1064 1151 uood
1075 1071 1201 1149 ollium
1213 1070 1318 1150 situm
1332 1139 1341 1170 ,
1353 1066 1426 1148 vni
1443 1067 1536 1151 lunt.
1565 1076 1685 1182 Quod
1699 1077 1795 1155 indi.

501 1186 600 1260 cium
619 1180 704 1261 lime
728 1181 781 1261 est
799 1178 902 1261 fuiffe
921 1102 986 1258 illa
1004 1184 1077 1258 und
1100 1207 1187 1257 cum
1200 1180 1372 1258 carnibus
1384 1182 1562 1286 conjecta.
1585 1187 1792 1265 Murusau.

501 1314 578 1370 tem
589 1295 652 1399 qui
669 1287 1056 1388 fornicesobturabat,
1073 1313 1203 1398 aperte
1215 1287 1446 1398 significabat
1457 1297 1715 1371 cementarios
1725 1292 1792 1372 foe.

501 1403 592 1477 toris
611 1421 670 1476 tot
688 1393 828 1477 scilicet
846 1422 1118 1502 tantorumque
1145 1397 1374 1477 cadaverum
1389 1402 1462 1497 ,im
1491 1401 1655 1500 atientirl,
1665 1408 1794 1510 praeci-

525 1510 567 1585 iti
577 1534 691 1616 opere
702 1510 884 1617 parietem
894 1500 1102 1586 confecille.
1124 1426 1795 1616 Tuumerit,Vircia1·1ffime,quihr.

499 1535 651 1695 itonam
669 1613 788 1725 probe
803 1613 932 1715 calles,
953 1614 1192 1694 memorandi
1211 1610 1359 1721 hujusce
1371 1610 1793 1725 casuscaulitmaperire.

555 1723 723 1817 Ibidem,
744 1729 780 1800 in
793 1717 1256 1830 Qiirinaliscilicet,aedes
1275 1718 1593 1824 Pontificiaesunt,
1611 1722 1794 1836 rlGrego.

501 1840 556 1911 rio
577 1837 682 1911 Xlll.
702 1836 804 1910 Sixto
824 1836 871 1908 V.
884 1833 919 1910 C
922 1832 1085 1909 leniente
1099 1829 1380 1909 uilittPaulo
1390 1836 1437 1911 V.
1449 1836 1630 1911 excitatae.
1643 1836 1793 1913 Atrium

513 1936 1795 2051 retainpluin&elegans,liiblinnlunhincindeporticibu5,conclavia

499 1970 577 2129 lata
601 2048 788 2128 afainofis
805 2047 1016 2128 architeclir
1031 2045 1164 2126 strnda
1184 2113 1195 2144 ,
1214 2052 1361 2157 picturis
1377 2046 1568 2127 decorata.
1606 2050 1804 2130 Sacellum

501 2156 741 2237 Pontificum
761 2153 960 2265 sculptis&
980 2154 1132 2265 depictis
1150 2153 1309 2235 historiis
1328 2181 1516 2236 ornatum.
1537 2160 1686 2236 Hortus
1714 2186 1793 2236 ani-

501 2265 583 2374 plus
610 2266 658 2343 ad
686 2263 823 2342 clivum
850 2292 1029 2375 vergens,
1047 2292 1201 2341 amoeno
1217 2260 1420 2373 prospeclu.
1453 2269 1497 2345 In
1517 2265 1636 2344 bortis
1665 2269 1794 2345 Ponti.

501 2373 592 2452 ficus
611 2440 621 2471 ,
640 2398 681 2452 ut
706 2372 861 2451 aeffinrat
879 2372 1073 2452 Nardinus
1089 2438 1100 2471 ,
1118 2370 1188 2449 fuit
1215 2370 1308 2450 olim
1326 2397 1431 2453 vetus
1449 2372 1702 2482 Capitolium,
1723 2375 1795 2454 five

499 2486 699 2590 antiquum
725 2481 910 2592 templum
927 2547 938 2581 ,
956 2486 995 2558 in
1013 2508 1088 2667 ppo
1108 2484 1181 2558 tria
1196 2475 1330 2560 sacella
1347 2505 1456 2560 erant
1476 2526 1485 2582 3
1502 2484 1606 2667 {puis
1624 2476 1763 2563 scilicet
1784 2549 1795 2582 ,

521 2595 652 2670 unonis
675 2600 713 2669 ὃ(
739 2594 933 2670 Minervae.
968 2593 1013 2669 Se
1070 2587 1132 2667 alii
1157 2586 1340 2669 aestimant
1364 2593 1404 2668 in
1434 2593 1508 2669 Bar
1535 2594 1646 2668 erinis
1675 2590 1795 2669 hortis

499 2692 613 2778 fuine.

555 2806 618 2885 Ad
637 2804 774 2883 clivum
792 2801 912 2885 versus
932 2804 1064 2882 hortos
1081 2801 1383 2905 Columnenses,
1412 2801 1514 2882 fuisse
1545 2830 1681 2914 putant
1699 2832 1795 2886 tem-

500 2915 607 3026 plum
626 2914 718 2991 Solis
735 2979 745 3015 ,
761 2914 810 2992 ab
828 2912 1033 2993 Aureliano
1051 2912 1228 2992 struelum
1239 2979 1249 3013 ,
1262 2938 1376 3021 atque
1388 2918 1512 2990 vicum
1524 2914 1662 2993 eodem
1675 2921 1796 2994 nomi·

496 3018 1798 3132 uezsuntquivestigiumillud,hodiequeconsisten3,adteniplunilru-

498 3128 659 3239 jusmodi
674 3127 883 3237 pertinuille
902 3153 1046 3239 putent.
1667 3142 1675 3152 ’

553 3239 734 3317 Ρῑοκὶιηὲ
752 3236 946 3336 ecclesiam
963 3241 997 3315 S.
1019 3237 1181 3316 Andreae
1194 3240 1281 3318 RR.
1298 3234 1790 3348 PP.Jesuit;1rum,inverti-

501 3375 545 3427 ce
606 3347 768 3425 uirinalis
787 3412 798 3445 ,
815 3371 896 3425 erat
916 3342 1102 3454 templum
1122 3348 1274 3453 Quirini
1296 3342 1479 3423 famosum
1500 3411 1510 3445 ,
1530 3348 1632 3451 eujus
1659 3346 1799 3426 rudera

500 3455 603 3537 exsta
630 3480 696 3533 ant
716 3455 887 3534 ducentis
905 3454 994 3532 hine
1013 3457 1143 3552 annis,
1167 3451 1366 3531 fundatum
1384 3454 1625 3532 inhonorem
1644 3460 1795 3563 Quirini

502 3565 575 3645 sive
593 3562 774 3661 Romuli,
793 3562 875 3672 post
894 3565 971 3667 ejus
985 3560 1133 3639 obitum
1152 3627 1163 3659 ,
1180 3565 1294 3670 inque
1310 3560 1607 3671 praestantiorem
1630 3561 1818 3641 formam*

502 3672 706 3753 deducium
723 3670 744 3748 d
763 3674 881 3750 Lucio
900 3674 1050 3780 Papirio
1075 3665 1238 3749 Consule
1258 3735 1269 3769 ,
1290 3676 1354 3778 qui
1370 3673 1534 3780 primum
1558 3669 1610 3750 ibi
1638 3671 1795 3748 horolo-

501 3788 605 3892 gium
621 3776 759 3878 solare,
770 3780 875 3887 quod
885 3785 1021 3860 Roma:
1028 3776 1162 3877 fuerit,
1175 3777 1340 3859 instituit.

555 3893 599 3968 ln
622 3887 819 3996 quadrivio
845 3891 1019 3998 proximo
1036 3883 1248 4072 prosperius
1274 3886 1328 3967 est
1350 3892 1520 3966 omnium
1551 3891 1615 3993 qui
1637 3890 1674 3963 in
1692 3887 1797 3968 Urbe

500 3993 584 4075 sunt
601 3995 862 4075 amoenillimus
878 4043 886 4098 3
905 4023 993 4075 nam
1013 4022 1034 4072 a
1085 3996 1247 4075 Oriente
1266 3995 1315 4073 ad
1335 3995 1529 4075 ecclesiam
1542 3990 1654 4100 usque
1666 3998 1698 4073 S.
1709 4000 1796 4075 Ma-

500 4111 563 4185 riae
587 4108 743 4211 Majoris
761 4170 772 4203 ,
791 4132 815 4182 a
833 4108 1096 4214 Septentrione
1118 4104 1167 4182 ad
1184 4128 1336 4213 portam
1355 4107 1461 4183 Piam
1478 4168 1488 4201 ,
1508 4100 1557 4179 ab
1581 4104 1797 4183 Occidente

501 4215 551 4293 ad
569 4239 741 4293 montem
768 4207 880 4321 usque
900 4217 1089 4310 Marium,
1105 4237 1147 4291 ut
1167 4235 1308 4290 vocant
1327 4277 1337 4311 ,
1354 4210 1542 4290 ameridie
1553 4209 1601 4287 ad
1612 4237 1729 4319 equos
1741 4206 1796 4289 su.

500 4327 624 4433 petius
641 4345 892 4422 memoratos,
903 4320 1009 4399 nullo
1020 4319 1129 4400 obice
1140 4344 1274 4428 patent
1284 4323 1425 4399 omnia.

455 4466 479 4499 >³
555 4436 872 4511 Ftnururus
911 4435 1116 4509 Vnccn.
1154 4426 1798 4538 Recordorcontigiss'einviaquae

456 4574 480 4608 ⁵>
504 4541 626 4618 tendit
653 4567 675 4617 a
701 4544 839 4619 Monte
867 4535 1028 4621 caballo
1046 4535 1263 4644 adportant
1285 4538 1407 4637 Piam,
1427 4565 1502 4645 quo
1512 4537 1600 4615 loco
1616 4540 1735 4615 Sixun
1750 4543 1796 4614 V.

459 4682 483 4719 n
504 4673 666 4759 quatuor
681 4647 804 4732 fontes
823 4674 977 4729 manare
995 4643 1115 4743 fecit,
1135 4669 1180 4724 ut
1200 4648 1344 4726 Mutius
1365 4645 1539 4729 Matthaei
1552 4711 1563 4748 ,
1575 4650 1639 4754 qui
1658 4671 1704 4725 ex
1718 4641 1800 4722 fon-
