4264 5684
408 475 488 554 106
866 447 1049 548 'niarium
1075 450 1259 549 Italicum.

366 633 388 664 ³,
413 589 639 691 Clariffime,
657 585 786 666 saltem
806 570 1131 667 animiadfettum
1149 625 1158 669 :
1179 617 1249 671 nec
1267 585 1416 696 indigne
1433 588 1595 690 habeas,
1625 591 1648 668 fi
1667 594 1711 670 li-

364 741 386 771 „
410 725 556 809 gnum,
580 697 750 783 utaiunt
762 756 775 795 ,
791 696 829 772 in
851 692 986 803 sylvam
1004 724 1214 808 congeram.
1245 701 1378 796 Vale,
1398 700 1468 776 Vir
1493 697 1710 798 Clarissimo,

363 850 385 881 ω
414 811 548 892 Roma
564 802 683 919 primi
702 803 931 884 Novembris
954 835 1050 910 1594.

464 1027 502 1104 A
527 1023 674 1106 Basrlica
700 1023 737 1102 S.
757 1023 886 1102 Maria
907 1020 1063 1125 Maioris
1080 1022 1220 1101 Urbem
1239 1025 1382 1104 lustrare
1403 1029 1543 1131 semper
1562 1030 1628 1106 orsr
1650 1028 1708 1104 su-

408 1160 493 1214 mus
512 1197 524 1233 ,
550 1135 589 1211 in
612 1132 806 1238 Esquilino
837 1154 965 1211 monte
984 1129 1047 1208 srta
1067 1165 1075 1208 ε
1097 1160 1171 1238 quo
1194 1136 1309 1233 locu,
1336 1161 1377 1210 ut
1399 1139 1515 1242 vulgo
1533 1136 1706 1232 creditur,

407 1241 574 1323 consedit
592 1244 682 1318 olim
701 1241 854 1334 Junonis
868 1240 1015 1319 Lucinae
1035 1245 1217 1347 templum
1230 1278 1239 1326 s
1252 1270 1315 1341 ac,
1328 1242 1432 1348 quod
1450 1245 1539 1336 nihil
1557 1270 1705 1321 contro-

405 1351 524 1431 versiae
539 1347 733 1448 admittit,
766 1336 933 1456 praxim&
952 1351 1152 1427 macellum
1173 1350 1378 1429 Liuianum.
1421 1350 1601 1428 Secundas
1629 1349 1705 1455 ipsa

405 1482 510 1537 tenet
521 1464 617 1539 inter
634 1458 795 1536 basilicas
808 1459 1015 1553 Romanas,
1032 1452 1115 1535 sunt
1134 1485 1269 1565 nempe
1281 1462 1411 1538 Romae
1427 1459 1578 1537 bafilicrc
1596 1463 1705 1563 quin-

404 1593 503 1673 que,
522 1570 557 1651 S.
578 1568 724 1661 Joannis
744 1563 1008 1659 lateranensis,
1024 1563 1060 1643 S.
1081 1566 1212 1645 Maria
1228 1564 1402 1671 Maioris,
1423 1567 1458 1644 S.
1481 1567 1577 1644 Petri
1598 1568 1703 1644 Vati·

402 1678 508 1775 cani,
526 1679 561 1756 S.
581 1676 767 1756 Laurentii
788 1700 889 1753 extra
910 1698 1051 1769 muros,
1069 1672 1106 1750 S.
1119 1674 1219 1753 Pauli
1243 1675 1302 1753 via
1317 1675 1486 1755 Ostiensi.
1518 1675 1702 1779 Spectabi-

400 1784 446 1862 lis
464 1788 502 1862 in
519 1812 561 1862 ea
579 1813 681 1863 arcus
699 1785 773 1880 est,
795 1809 905 1888 opere
922 1779 1061 1860 musivo
1077 1807 1270 1860 exornatus
1288 1847 1299 1882 ,
1325 1785 1470 1861 auctore
1487 1785 1590 1859 Sixto
1607 1785 1702 1860 Ter-

401 1892 457 1971 tio
475 1893 675 1989 Pontifice,
694 1892 770 1998 quai
787 1888 908 1970 sormi
933 1883 1094 1995 primum
1114 1889 1246 1970 eodem
1264 1917 1414 1969 curante
1439 1894 1618 1970 excitatus
1636 1892 1700 1993 est,

401 1998 446 2077 ld
466 1997 623 2080 asseritur
644 2000 883 2106 inscriptione
902 1995 1035 2075 eodem
1055 2000 1094 2076 in
1111 2002 1252 2078 musivo
1275 2003 1494 2079 concinnata
1519 2038 1543 2097 ‚·
1556 2000 1596 2076 X
1609 2000 1700 2077 Ys-

403 2109 518 2189 TUS
567 2107 912 2191 EPISCOPUS
955 2108 1131 2185 PLEBI
1167 2108 1288 2187 DEI.
1335 2107 1546 2187 Pauciffima
1569 2108 1701 2184 Roma:

400 2212 584 2323 supersunt
601 2212 753 2296 aedilicia
770 2238 879 2291 tantae
899 2212 1089 2291 vetustatis
1106 2212 1126 2292 a
1147 2216 1365 2295 Christianis
1383 2219 1550 2293 excitata.
1589 2215 1701 2322 Figu-

399 2350 447 2403 rae
465 2353 573 2430 porro
587 2324 727 2401 musteo
746 2348 856 2428 opere
869 2317 1034 2429 exprellic
1052 2350 1124 2398 non
1144 2323 1351 2427 imperitam
1370 2350 1521 2401 manum
1539 2324 1652 2401 olent.

456 2436 497 2510 ln
515 2430 637 2538 apside
656 2432 759 2508 chori
784 2429 923 2508 musiva
942 2431 1032 2508 item
1053 2431 1188 2534 pislnra
1205 2431 1318 2512 exstat
1336 2431 1486 2509 Nicolai
1509 2458 1569 2509 tv,
1601 2456 1697 2508 tem-

398 2569 486 2648 pore
505 2544 744 2637 concinnata,
764 2538 827 2614 ubi
854 2534 1066 2645 depingitur
1088 2539 1282 2617 Pontificia
1303 2540 1401 2618 veste
1419 2539 1599 2617 Nicolaus
1621 2540 1698 2645 ipse

398 2677 455 2728 tv.
474 2677 558 2725 cum
579 2651 690 2728 Tiasa
710 2646 873 2754 oblonga
902 2650 1029 2722 conica
1058 2671 1135 2721 non
1157 2648 1322 2752 triplici,
1348 2646 1451 2754 quod
1476 2646 1695 2753 postremum

397 2784 513 2864 genus
531 2758 667 2835 invexit
680 2751 891 2833 Bonifatius
904 2781 998 2834 vsu.
1010 2755 1088 2855 ejus
1101 2751 1287 2833 successor.
1311 2756 1459 2835 Sandus
1479 2759 1569 2832 item
1584 2757 1694 2837 Fran-

396 2867 512 2942 ciscus
533 2864 675 2942 ibidem
693 2861 914 2956 delineatur,
935 2861 1066 2940 eadem
1091 2888 1164 2966 qua
1182 2864 1370 2970 Capucini
1393 2865 1515 2960 veste,
1537 2859 1600 2941 sed
1624 2863 1696 2940 stne

396 2969 530 3068 barba,
546 2973 615 3050 fine
631 2974 762 3077 pallio,
783 2993 940 3076 togatus.
974 2979 977 2987 '

450 3082 512 3157 De
534 3083 670 3157 caretis
692 3074 843 3180 hujusce
863 3073 1046 3173 basilica,
1075 3077 1223 3182 capellis
1252 3080 1391 3158 scilicet
1418 3080 1601 3183 reliquiis,
1618 3092 1692 3160 &c

396 3187 548 3266 infinitae
574 3182 666 3294 penti
686 3183 945 3290 descriptiones
967 3182 1132 3289 prodiere
1158 3182 1415 3292 prodeuntque
1446 3189 1482 3261 in
1506 3186 1595 3264 die‘s.
1633 3188 1691 3262 lbi

397 3295 521 3374 visitur
536 3291 680 3372 famosa
696 3297 760 3370 illa
782 3296 823 3370 Β.
845 3292 1008 3400 Virginis
1028 3318 1113 3368 cum
1133 3318 1246 3396 puero
1265 3292 1518 3400 Jcsuimago,
1540 3297 1690 3400 pistore,

396 3405 516 3499 aiunt,
530 3404 564 3480 S.
577 3408 688 3481 Luca.
717 3402 890 3506 Septem,
909 3403 947 3478 ni
967 3396 1095 3498 fallor,
1111 3400 1321 3500 hujusmodi
1342 3402 1506 3498 tabella,
1526 3406 1563 3476 in
1581 3401 1689 3479 variis

395 3511 505 3589 Urbis
523 3511 709 3607 eeclefiis,
733 3507 866 3587 eodem
884 3507 1023 3587 artifice
1048 3534 1295 3613 comparent,
1321 3536 1452 3585 omnes
1482 3536 1525 3586 ex
1549 3510 1693 3587 Gracia

395 3645 647 3725 comportata.
682 3620 724 3696 ln
744 3613 1029 3697 calendariis&
1049 3615 1202 3694 Menaeis
1220 3620 1432 3696 Graecorum
1459 3615 1557 3695 haud
1579 3614 1692 3692 infre-

395 3755 511 3830 quens
530 3731 727 3836 imaginum
749 3730 789 3804 B.
804 3727 869 3804 Vir
896 3726 964 3802 inis
983 3726 1020 3803 S.
1035 3726 1138 3801 Luca
1159 3727 1293 3828 pisiore
1312 3727 1466 3804 mentio.
1497 3727 1538 3801 ln
1551 3725 1690 3800 Biblio-

394 3836 503 3913 theca
521 3835 608 3913 verb
636 3836 728 3914 RR.
759 3835 838 3912 PP.
869 3753 905 3910 s.
928 3833 1386 3942 Basilii‚martyrologium
1403 3832 1519 3911 exstat
1541 3828 1690 3909 decimo

393 3946 539 4021 circiter
557 3941 690 4021 saeculo
700 3965 899 4038 exaratum,
909 3941 973 4017 ubi
990 3940 1216 4018 celebrantur
1229 3942 1405 4051 imagines
1424 3939 1690 4039 hujuscemodi.

443 4058 479 4131 Α
498 4050 639 4128 finistris
662 4050 742 4127 ostii
761 4051 905 4150 majoris
930 4049 1085 4127 habetur
1105 4050 1311 4156 sepulcrum
1327 4050 1487 4153 Philippi
1518 4046 1564 4127 de
1581 4052 1690 4126 Levis

394 4156 606 4242 Cardinalis
627 4160 738 4235 titulo
762 4157 824 4234 SS.
847 4156 945 4233 Petri
972 4169 1009 4237 δι
1028 4158 1268 4252 Marcellini,
1300 4155 1537 4237 &Eustachii
1567 4153 1688 4235 fratris

390 4273 482 4373 ejus,
502 4271 567 4373 qui
587 4263 717 4345 sacculo
735 4293 799 4347 xv.
816 4264 983 4360 floruere,
995 4264 1107 4342 ambo
1128 4266 1227 4342 Galli
1250 4275 1287 4343 δι
1306 4262 1584 4373 Archiepiseopi
1598 4270 1688 4342 Arc-

391 4373 558 4456 latenses.

351 4532 376 4566 2·
449 4480 798 4562 FLAMINIUS
843 4480 1077 4560 VACCA.
1111 4476 1283 4558 Proxime
1310 4480 1500 4557 eeclefiam
1533 4482 1569 4559 S.
1600 4482 1689 4558 Ma-

349 4639 373 4665 .
394 4597 456 4671 tiae
467 4593 644 4692 Maioris,
664 4593 738 4694 qni
751 4587 890 4670 Urbem
909 4584 1078 4693 respicit,
1096 4586 1316 4693 deprehensa
1334 4585 1406 4665 suit
1423 4588 1536 4667 statua
1549 4592 1689 4696 vulgari

347 4748 372 4775 ‚.
393 4703 613 4808 proceritate
624 4764 636 4802 ,
651 4694 776 4780 sedens
789 4735 799 4788 s
811 4696 940 4778 vestitu
960 4696 1027 4776 tali
1051 4720 1094 4773 ut
1113 4691 1233 4775 fasciis
1251 4698 1523 4777 circumvoluta
1542 4695 1687 4776 videre·
