4264 5684
445 317 494 407 50
908 277 1089 367 Diarium
1113 270 1298 372 Italicum.

227 420 396 495 nltilegun,
505 396 596 495 ltem
620 437 665 490 ex
686 406 903 489 chronicis*
923 413 1063 514 Estodir'.

228 494 363 559 Methrdti.

505 539 592 604 Item
612 548 655 598 ex
683 517 858 598 chronicis
883 522 965 595 God(
965 517 1062 625 fredi
1078 519 1307 619 Vitrriiertsts.

506 644 527 707 1
530 652 595 707 tem
617 659 661 706 rx
676 628 850 706 chronicis
864 627 990 738 frenis
1007 634 1174 706 Vincenrii
1198 628 1442 737 Brffivncenfir.
1465 629 1558 731 (fic)
1573 642 1619 710 Et
1635 631 1754 744 aliqua

449 746 560 850 accepi
577 768 620 814 ex
639 738 790 828 decreto,
815 732 856 822 (i
876 736 1029 843 quedam
1048 767 1090 814 ex
1102 738 1312 848 paſsionibus
1329 746 1534 820 Samiorum.

507 844 638 928 Codex
652 847 698 925 stc
708 844 849 922 definit.

505 956 701 1062 Bonifctcius
725 968 849 1032 V11l.
877 960 1028 1031 Natirne
1054 958 1244 1066 campanie
1274 952 1315 1030 de
1343 959 1485 1033 civitate
1502 960 1640 1034 Ananiae
1656 956 1753 1059 ſsdit

449 1089 529 1143 ann.
548 1060 673 1141 deficit
693 1064 756 1139 hic
773 1059 899 1139 codeir.
927 1056 1079 1137 Deinde
1097 1057 1258 1166 sequitur
1274 1066 1475 1174 Catalogus
1484 1070 1631 1174 Regum
1643 1066 1752 1144 Fran-

451 1194 582 1248 corum
602 1169 763 1249 desinent
784 1169 830 1249 ad
848 1168 1270 1273 PhilippumPulcrunr.

510 1279 605 1359 Haec
625 1276 828 1356 describere
844 1275 993 1375 visum,
1023 1279 1112 1381 quia
1129 1275 1223 1355 miti:
1249 1282 1391 1358 variant
1409 1279 1555 1359 codices
1571 1282 1752 1362 Chronici

453 1386 614 1466 Martini
636 1382 790 1485 Poloni,
814 1384 1047 1489 maximeque
1076 1384 1183 1463 initio
1205 1422 1215 1472 ς
1239 1416 1327 1466 nam
1348 1385 1454 1493 quod
1473 1389 1637 1496 superius
1661 1391 1754 1499 legi·

455 1518 539 1591 tur,
556 1496 659 1605 usque
679 1498 728 1573 acl
747 1500 937 1573 Honorium
966 1510 1093 1602 rapam
1120 1519 1307 1600 quartum,
1331 1499 1392 1574 alii
1417 1493 1565 1575 codices
1594 1498 1640 1575 ad
1664 1502 1752 1576 Cle-

453 1628 622 1683 mentem
647 1603 725 1684 lv.
750 1603 811 1678 alii
836 1600 883 1679 ad
907 1601 1129 1705 Gregorium
1156 1601 1234 1679 IX.
1260 1604 1319 1679 alii
1344 1602 1393 1682 ad
1420 1611 1595 1696 Joannent
1624 1604 1752 1683 XXI.

453 1706 666 1820 ptaefetunt.
703 1710 778 1791 Vix
798 1712 926 1815 itaque
947 1706 1065 1814 potest
1082 1708 1238 1787 Martini
1256 1713 1475 1792 chronicon
1493 1714 1532 1790 in
1553 1712 1746 1791 codicibus

454 1822 565 1925 quale
584 1819 605 1899 i
624 1820 747 1927 primo
767 1820 913 1898 auelore
937 1841 1130 1894 exaratum
1155 1814 1228 1897 fuit
1253 1817 1498 1928 deprehendi;
1521 1848 1607 1901 nam
1634 1824 1754 1927 quivis

452 1929 701 2025 amanuensis,
721 1950 763 2004 ut
784 1928 923 2031 liquet,
942 1921 991 2004 ad
1016 1922 1117 2003 suam
1142 1924 1257 2033 usque
1283 1954 1429 2008 :etatem
1456 1930 1611 2011 deduxit
1643 1930 1755 2006 hillo·

452 2036 547 2114 tiam
565 2099 577 2136 ,
608 2064 722 2143 atque
739 2039 777 2112 in
795 2034 955 2142 prologo
971 2059 1106 2111 nomen
1124 2036 1312 2116 Pontificio
1331 2038 1383 2116 sui
1400 2042 1470 2119 aevi
1487 2063 1615 2116 amoto
1631 2041 1752 2143 priore

455 2142 595 2250 posuit:
617 2147 654 2220 in
683 2142 844 2248 serieque
865 2170 941 2220 non
960 2141 1071 2220 semel
1088 2139 1302 2224 diffentiunt
1312 2145 1469 2224 codices.

509 2252 645 2332 Codex
662 2278 729 2332 xv.
748 2251 862 2331 saeculi
881 2312 893 2348 ‚
917 2256 1064 2355 Joannis
1083 2254 1252 2330 columne
1275 2253 1431 2333 Ordinis
1453 2250 1749 2348 predicatorum,

454 2356 502 2438 de
518 2361 603 2439 viris
622 2358 822 2436 illustribus
842 2356 958 2462 usque
981 2356 1029 2436 ad
1047 2384 1165 2437 aevutn
1182 2359 1308 2461 suum,
1333 2360 1462 2441 ordine
1490 2360 1748 2468 alphabeticoz

454 2493 547 2573 opus
573 2493 648 2543 non
670 2460 914 2573 spernendum
941 2476 980 2545 δι
997 2469 1079 2544 lucc
1098 2466 1266 2575 dignum.

503 2572 734 2654 Bibliotheca
750 2576 871 2653 istbaec
891 2598 1018 2651 ornata
1033 2571 1221 2651 fabrilibus
1232 2574 1363 2683 ligneis
1374 2580 1496 2657 statuis
1517 2577 1590 2665 est,
1609 2575 1751 2651 Catho-

455 2682 614 2759 licororn
636 2680 826 2791 infignium
840 2683 1006 2759 virorum
1021 2684 1129 2778 hinc,
1151 2682 1405 2761 haereticorum
1424 2681 1522 2758 inde.
1556 2684 1657 2758 Inter
1677 2681 1752 2757 hae-

455 2789 590 2866 reticos
618 2789 780 2867 visuntur
804 2782 969 2869 Erasmus
993 2792 1132 2868 catenis
1165 2792 1340 2886 onustus,
1367 2804 1404 2872 &
1424 2792 1640 2864 Guillelmus
1670 2784 1736 2861 {18

455 2901 598 2973 Amore
623 2898 756 3002 pariter
773 2901 969 3005 alligatus,
993 2898 1164 3082 afpofitis
1194 2897 1371 2996 diileriis,
1396 2891 1507 2975 hosce
1529 2898 1626 2973 viros
1654 2892 1752 3001 quob

457 3003 666 3085 Lutherutn
685 3008 942 3086 &Calvinum
963 3006 1001 3082 in
1021 3002 1238 3084 ambitibus.
