4422 5692
524 566 599 627 aro
964 526 1164 624 ‘niarium
1186 526 1378 618 Italicam.

575 656 716 737 hadent
732 682 789 733 vra
811 653 968 765 regressis
984 658 1054 732 iter
1070 652 1124 730 est
1142 657 1180 730 in
1199 652 1417 732 Barberinas
1433 653 1551 756 aedes,
1570 663 1673 765 queis
1693 661 1802 746 nulla:

524 794 589 842 cer
611 764 750 843 Urbem
762 761 1107 871 magnificentiores.
1129 767 1312 842 Veterum
1322 788 1588 863 monumenta,
1606 794 1687 872 quat
1708 768 1804 851 bene

523 862 636 949 {ruha
657 873 794 949 ilidtm
816 868 980 966 exstant,
997 865 1071 945 fuse
1091 872 1129 945 in
1148 868 1339 948 hodiernis
1354 873 1536 948 Romanis
1553 872 1803 984 delcriptioni

523 982 587 1057 bns
608 976 851 1059 recensentur.
874 976 1110 1055 Bibliotheca
1127 976 1307 1055 libromm
1332 981 1439 1084 copia
1459 979 1630 1058 omnibus
1646 982 1801 1090 praestat.

524 1091 709 1165 Codicum
729 1091 820 1163 item
839 1078 977 1195 magna
994 1084 1360 1182 visest,l.atinorum
1383 1091 1565 1165 maxime:
1589 1091 1804 1172 Orientales

520 1201 620 1273 enim
637 1220 748 1302 atque
761 1195 885 1271 Graeci
921 1220 962 1271 er
989 1197 1070 1270 auci
1090 1219 1319 1302 comparent.
1339 1195 1396 1269 Ac
1412 1193 1478 1270 etli
1496 1193 1597 1272 haud
1608 1196 1727 1277 libero
1738 1226 1801 1279 ex-

520 1328 686 1380 temtum
706 1302 810 1378 aditu
829 1221 1065 1379 Bibliotheca
1080 1298 1364 1409 frequentetur,
1380 1301 1535 1378 Graecos
1552 1327 1679 1383 tamen
1696 1308 1800 1384 codi.

520 1436 580 1486 ces
599 1413 734 1518 raptim
750 1406 862 1486 semel
879 1404 1078 1517 inspeciare
1106 1407 1249 1485 licitum
1273 1408 1341 1486 fuit
1355 1413 1529 1515 3&qoia‚
1543 1433 1798 1519 contraquam

520 1544 669 1595 rumore
687 1521 819 1593 nuntio
838 1516 1028 1594 audieram
1049 1581 1058 1613 ,
1083 1521 1141 1594 exi
1170 1545 1256 1593 uum
1276 1512 1801 1624 prorsusnumerumanimad-

518 1626 610 1700 verti
633 1662 641 1700 :
670 1628 907 1733 percontanti
927 1618 1100 1732 quorsum
1122 1544 1261 1701 ahiillet
1283 1624 1346 1701 illa
1373 1624 1595 1700 Gracorum
1623 1626 1798 1706 codicum

517 1735 626 1838 copia
645 1760 762 1844 ,qua
778 1737 816 1808 in
837 1730 1045 1809 Barberinis
1062 1730 1201 1808 :edibus
1217 1731 1358 1810 exstare
1382 1736 1550 1807 omniurn
1572 1758 1637 1809 ore
1656 1730 1799 1813 fereba-

517 1862 596 1937 tur,
609 1833 816 1946 relponsum
835 1836 1291 2019 est,pama1nultisaniris
1312 1866 1396 1916 cum
1420 1862 1709 1944 exportarentur
1732 1871 1796 1919 co·

518 1946 616 2023 dices
635 2010 646 2041 ,
663 1972 684 2021 a
700 1942 829 2049 bajulis
843 1973 906 2021 mu
924 1968 981 2021 tos
1001 1970 1137 2022 venum
1155 1943 1329 2043 oblatos,
1350 1947 1449 2023 &ad
1470 1939 1692 2051 quingentos
1711 1945 1797 2063 ejus-

514 2053 619 2164 modi
638 2048 719 2129 caso
735 2049 933 2130 abstracios
954 2045 1219 2160 dilhpatosque.
1239 2056 1342 2131 luter
1360 2078 1423 2133 eos
1440 2056 1501 2159 qui
1515 2055 1591 2158 jam
1609 2050 1796 2164 superlunt

516 2171 708 2266 lcqucnces
727 2166 864 2247 notavi.

571 2271 736 2376 liturgia
755 2266 884 2374 Bastia
900 2292 1085 2343 annorum
1103 2264 1185 2374 plus
1195 2265 1318 2363 mille,
1333 2264 1544 2345 cliaraclere
1556 2268 1689 2346 unciali
1701 2337 1711 2369 ,
1723 2271 1796 2352 sine

515 2375 738 2451 accentibus.
756 2378 807 2452 Ea
825 2377 1046 2481 antiquitate
1066 2370 1210 2449 nullum
1230 2372 1335 2477 liujus
1356 2376 1530 2481 Licurgiae
1548 2376 1718 2455 codicem
1731 2407 1794 2458 ex-

516 2482 608 2558 stare
628 2480 845 2559 arbitrabar.
876 2479 995 2664 QbOd
1014 2507 1106 2590 opus
1124 2474 1323 2589 suspeeltun
1340 2480 1464 2557 multis
1482 2481 1693 2560 nominibus
1715 2485 1793 2587 est,

515 2600 550 2666 ἃ
571 2616 591 2664 a
609 2595 734 2697 peritis
752 2588 883 2666 Basilio
902 2616 924 2664 a
950 2585 1147 2693 judicatur.

565 2706 719 2796 Δαμωὲ
737 2694 912 2791 eihandei(
926 2700 974 2776 aa?
983 2691 1162 2796 H‘aolh'pe
1174 2697 1368 2784 daumii!
1383 2747 1393 2781 s
1413 2696 1475 2794 viil
1495 2695 1631 2775 aulicos
1645 2698 1792 2785 wll.

513 2841 595 2884 οεων.
616 2810 729 2912 Cupis
745 2810 890 2883 initium
911 2871 921 2903 ,
938 2801 1014 2888 (l'u
1028 2804 1090 2897 adl
1104 2802 1164 2884 οαῖ
1175 2800 1366 2905 wectari
1378 2837 1455 2887 usos
1476 2808 1639 2904 ἐφ’ἰμῶν.
1659 2810 1793 2888 Codex

515 2914 784 2993 lento-decimo
804 2910 933 2991 leculo
953 2909 1189 3024 conscriptus.

569 3022 725 3124 Philippi
745 3034 927 3100 Ceramitae
941 3020 1104 3099 homiliae
1120 3026 1157 3100 in
1174 3020 1307 3099 codice
1326 3025 1477 3100 recenti.

567 3144 717 3227 (ir-laruas
737 3129 787 3205 w)
800 3127 1078 3229 pauouptirdpa,
1106 3134 1143 3206 in
1163 3127 1295 3207 codice
1313 3133 1453 3208 recenti
1472 3194 1481 3225 ,
1502 3134 1602 3233 cujus
1620 3130 1792 3208 leeliones

515 3230 632 3311 runai
657 3243 761 3335 erui,
784 3249 820 3315 ὃ(
840 3266 924 3314 cuni
943 3237 1020 3314 aliis
1035 3236 1225 3314 codicibus
1244 3236 1414 3335 contuli,
1441 3260 1482 3311 ut
1507 3238 1549 3314 erl
1569 3238 1682 3343 opera
1703 3265 1790 3345 pur.

514 3368 658 3451 gatiora
679 3346 768 3423 dare
784 3350 819 3421 in
840 3369 1017 3452 promptu
1033 3344 1085 3421 sit.
1103 3343 1238 3420 Codex
1256 3369 1385 3421 recens
1404 3341 1467 3420 est.

566 3451 712 3530 erzun'
729 3453 889 3559 epistola
904 3452 1049 3559 aliquot
1068 3515 1079 3549 ‚
1099 3454 1264 3556 itemque
1283 3451 1412 3556 anstai
1431 3454 1467 3525 in
1486 3448 1617 3527 codiee
1639 3455 1790 3530 recenti.

567 3559 648 3633 illu
668 3561 835 3665 quadam
857 3555 1105 3666 manuscripta
1119 3557 1255 3634 Graeca
1270 3556 1348 3634 illic
1366 3580 1586 3663 comparent
1604 3624 1612 3654 ,
1630 3585 1790 3664 quorum

514 3665 657 3769 aliquot
678 3670 810 3744 Leonis
831 3666 959 3743 Allatii
979 3691 1092 3743 manu
1109 3687 1272 3743 exarata.

571 3778 608 3848 ln
622 3780 791 3879 proximo
811 3774 980 3851 conclavi
989 3776 1112 3853 Latini
1123 3772 1272 3849 codices
1282 3769 1378 3849 bene
1392 3773 1498 3848 multi
1514 3772 1631 3852 latent
1641 3772 1789 3871 occlusi,

516 3908 606 3985 quos
624 3880 724 3957 adire
744 3881 967 3960 &evolvere
987 3884 1126 3959 nemini
1145 3878 1376 3958 conceditur.

568 3987 834 4066 nionasternmr
856 3997 893 4066 &
913 3987 1184 4066 Bibliothecani
1203 3991 1289 4065 RR.
1312 3989 1382 4063 ΡΙ).
1403 3990 1434 4063 S.
1453 3988 1571 4063 balilii
1596 3993 1637 4065 N
1650 3988 1688 4062 O
1702 3987 1789 4063 NA

512 4096 553 4167 D
566 4097 620 4172 lE
637 4095 801 4171 adiinrus.
827 4096 944 4200 Quod
963 4095 1117 4202 quidem
1136 4091 1350 4170 coenobium
1370 4122 1591 4200 perparvum
1611 4160 1620 4190 ,
1642 4089 1787 4169 nullius.

512 4228 585 4303 que
602 4200 761 4278 antebac
782 4207 966 4301 nominis,
981 4208 1057 4307 jam
1077 4201 1244 4279 studio&
1256 4200 1659 4278 cur·aRevereiulillnui
1672 4203 1792 4278 Patris

511 4309 611 4385 Petri
640 4314 814 4387 Mennitii
834 4375 843 4405 ‚
869 4310 1007 4385 ordinis
1025 4308 1216 4405 Pra‘l'ecli,
1237 4308 1411 4383 codicum
1424 4308 1643 4383 Gracorum
1661 4305 1788 4384 festiva

511 4422 617 4521 copia
636 4443 848 4493 exornatur.
870 4422 903 4493 ls
919 4422 1017 4495 enim
1036 4483 1046 4515 ,
1063 4420 1149 4522 quia
1167 4420 1204 4489 in
1219 4419 1325 4490 variis
1345 4413 1406 4489 sibi
1425 4410 1587 4519 lubjedis
1605 4414 1786 4491 Calabria

511 4524 744 4601 lilonasteriis
762 4591 772 4621 ‚
788 4525 936 4601 codices
955 4522 1039 4599 istos
1059 4588 1070 4620 ,
1090 4519 1258 4598 obsoleto
1274 4548 1369 4628 pene
1390 4523 1531 4598 Gracae
1552 4522 1683 4629 lingna·
1704 4517 1786 4615 usu,

508 4631 629 4723 liuere
656 4637 810 4707 intaclos
831 4626 1087 4737 neqledolque
1110 4653 1333 4734 acceperat,
1353 4633 1559 4706 imminenti
1577 4634 1652 4735 jani
1672 4633 1785 4705 exitio

512 4730 678 4813 ‘'nluluuit
696 4804 706 4835 ,
726 4743 835 4843 inque
854 4718 997 4814 Urbem
1025 4736 1161 4815 advehi
1182 4739 1219 4810 in
1240 4734 1343 4811 usum
1361 4737 1592 4814 eruditorum
1617 4741 1783 4814 ctiravftz
