<?xml version="1.0" encoding="UTF-8"?>
<!DOCTYPE html PUBLIC "-//W3C//DTD XHTML 1.0 Transitional//EN"
    "http://www.w3.org/TR/xhtml1/DTD/xhtml1-transitional.dtd">
<html xmlns="http://www.w3.org/1999/xhtml" xml:lang="en" lang="en">
 <head>
  <title>
</title>
<meta http-equiv="Content-Type" content="text/html;charset=utf-8" />
  <meta name='ocr-system' content='tesseract 3.04.00' />
  <meta name='ocr-capabilities' content='ocr_page ocr_carea ocr_par ocr_line ocrx_word'/>
</head>
<body>
  <div class='ocr_page' id='page_1' title='image "./diariumitalicum00montgoog_0029.png"; bbox 0 0 1015 1425; ppageno 0'>
   <div class='ocr_carea' id='block_1_1' title="bbox 170 122 837 534">
    <p class='ocr_par' dir='ltr' id='par_1_1' title="bbox 377 122 639 145">
     <span class='ocr_line' id='line_1_1' title="bbox 377 122 639 145; baseline 0 0"><span class='ocrx_word' id='word_1_1' title='bbox 377 125 395 145; x_wconf 85' lang='grc' dir='ltr'><em>Ρ</em></span> <span class='ocrx_word' id='word_1_2' title='bbox 409 123 427 145; x_wconf 84' lang='lat' dir='ltr'><em>R</em></span> <span class='ocrx_word' id='word_1_3' title='bbox 444 123 473 144; x_wconf 64' lang='grc' dir='ltr'><em>Ε</em></span> <span class='ocrx_word' id='word_1_4' title='bbox 486 123 503 143; x_wconf 87' lang='lat' dir='ltr'><em>F</em></span> <span class='ocrx_word' id='word_1_5' title='bbox 522 123 541 143; x_wconf 83' lang='lat' dir='ltr'><em>A</em></span> <span class='ocrx_word' id='word_1_6' title='bbox 556 122 575 144; x_wconf 87' lang='lat' dir='ltr'><em>T</em></span> <span class='ocrx_word' id='word_1_7' title='bbox 588 123 603 143; x_wconf 80' lang='lat' dir='ltr'><em>I</em></span> <span class='ocrx_word' id='word_1_8' title='bbox 616 124 639 145; x_wconf 91' lang='grc'>0.</span> 
     </span>
    </p>

    <p class='ocr_par' dir='ltr' id='par_1_2' title="bbox 170 153 837 534">
     <span class='ocr_line' id='line_1_2' title="bbox 210 153 837 192; baseline 0.005 -12"><span class='ocrx_word' id='word_1_9' title='bbox 210 158 273 181; x_wconf 88' lang='lat' dir='ltr'>Dum</span> <span class='ocrx_word' id='word_1_10' title='bbox 281 155 340 180; x_wconf 85' lang='lat' dir='ltr'>hanc</span> <span class='ocrx_word' id='word_1_11' title='bbox 352 154 507 180; x_wconf 69' lang='lat' dir='ltr'>Praefationem</span> <span class='ocrx_word' id='word_1_12' title='bbox 518 153 645 178; x_wconf 81' lang='lat' dir='ltr'>clauderem</span> <span class='ocrx_word' id='word_1_13' title='bbox 654 174 661 185; x_wconf 91' lang='lat'><em>‚</em></span> <span class='ocrx_word' id='word_1_14' title='bbox 668 154 756 181; x_wconf 76' lang='lat' dir='ltr'>aecem:</span> <span class='ocrx_word' id='word_1_15' title='bbox 764 155 837 192; x_wconf 82' lang='lat' dir='ltr'>saepius</span> 
     </span>
     <span class='ocr_line' id='line_1_3' title="bbox 174 187 837 218; baseline 0.006 -4"><span class='ocrx_word' id='word_1_16' title='bbox 174 189 257 214; x_wconf 74' lang='lat' dir='ltr'>laudati</span> <span class='ocrx_word' id='word_1_17' title='bbox 269 192 291 214; x_wconf 88' lang='lat' dir='ltr'>in</span> <span class='ocrx_word' id='word_1_18' title='bbox 305 191 376 214; x_wconf 81' lang='lat' dir='ltr'>Diarii</span> <span class='ocrx_word' id='word_1_19' title='bbox 392 187 483 213; x_wconf 87' lang='lat' dir='ltr'>decursu</span> <span class='ocrx_word' id='word_1_20' title='bbox 499 188 553 216; x_wconf 82' lang='lat' dir='ltr'>Justi</span> <span class='ocrx_word' id='word_1_21' title='bbox 563 189 613 216; x_wconf 70' lang='lat' dir='ltr'>Iulii</span> <span class='ocrx_word' id='word_1_22' title='bbox 627 191 742 214; x_wconf 83' lang='lat' dir='ltr'>Fontanini</span> <span class='ocrx_word' id='word_1_23' title='bbox 758 195 837 218; x_wconf 73' lang='lat' dir='ltr'>notitia</span> 
     </span>
     <span class='ocr_line' id='line_1_4' title="bbox 173 222 835 258; baseline 0.002 -10"><span class='ocrx_word' id='word_1_24' title='bbox 173 224 277 258; x_wconf 78' lang='lat' dir='ltr'>quaedam</span> <span class='ocrx_word' id='word_1_25' title='bbox 287 224 314 248; x_wconf 83' lang='lat' dir='ltr'>de</span> <span class='ocrx_word' id='word_1_26' title='bbox 325 222 434 258; x_wconf 84' lang='lat' dir='ltr'>sepulcro,</span> <span class='ocrx_word' id='word_1_27' title='bbox 447 223 509 257; x_wconf 87' lang='lat' dir='ltr'>quod</span> <span class='ocrx_word' id='word_1_28' title='bbox 520 231 590 257; x_wconf 82' lang='lat' dir='ltr'>nuper</span> <span class='ocrx_word' id='word_1_29' title='bbox 599 225 671 256; x_wconf 83' lang='lat' dir='ltr'><strong>primo</strong></span> <span class='ocrx_word' id='word_1_30' title='bbox 685 233 696 248; x_wconf 84' lang='lat' dir='ltr'>a</span> <span class='ocrx_word' id='word_1_31' title='bbox 709 234 771 258; x_wconf 72' lang='lat' dir='ltr'>porta</span> <span class='ocrx_word' id='word_1_32' title='bbox 783 228 835 251; x_wconf 81' lang='lat' dir='ltr'>Ma-</span> 
     </span>
     <span class='ocr_line' id='line_1_5' title="bbox 173 256 836 292; baseline 0.006 -10"><span class='ocrx_word' id='word_1_33' title='bbox 173 261 216 290; x_wconf 86' lang='lat' dir='ltr'>jori</span> <span class='ocrx_word' id='word_1_34' title='bbox 229 259 301 292; x_wconf 82' lang='lat' dir='ltr'>lapide</span> <span class='ocrx_word' id='word_1_35' title='bbox 313 256 473 292; x_wconf 82' lang='lat' dir='ltr'>deprehensum</span> <span class='ocrx_word' id='word_1_36' title='bbox 488 256 520 282; x_wconf 85' lang='lat' dir='ltr'>est</span> <span class='ocrx_word' id='word_1_37' title='bbox 534 271 540 288; x_wconf 88' lang='lat'>·,</span> <span class='ocrx_word' id='word_1_38' title='bbox 552 266 603 281; x_wconf 85' lang='lat' dir='ltr'>eam</span> <span class='ocrx_word' id='word_1_39' title='bbox 617 257 652 282; x_wconf 81' lang='lat' dir='ltr'>hic</span> <span class='ocrx_word' id='word_1_40' title='bbox 664 259 746 283; x_wconf 84' lang='lat' dir='ltr'>addere</span> <span class='ocrx_word' id='word_1_41' title='bbox 760 260 836 286; x_wconf 87' lang='lat' dir='ltr'>visum.</span> 
     </span>
     <span class='ocr_line' id='line_1_6' title="bbox 172 290 835 322; baseline 0.005 -5"><span class='ocrx_word' id='word_1_42' title='bbox 172 294 226 321; x_wconf 88' lang='lat' dir='ltr'>Quo</span> <span class='ocrx_word' id='word_1_43' title='bbox 238 293 289 317; x_wconf 76' lang='lat' dir='ltr'><strong>loco</strong></span> <span class='ocrx_word' id='word_1_44' title='bbox 299 293 385 317; x_wconf 58' lang='lat' dir='ltr'>desem</span> <span class='ocrx_word' id='word_1_45' title='bbox 395 301 450 317; x_wconf 72' lang='lat' dir='ltr'>urna</span> <span class='ocrx_word' id='word_1_46' title='bbox 457 290 510 322; x_wconf 86' lang='lat' dir='ltr'>fuit,</span> <span class='ocrx_word' id='word_1_47' title='bbox 522 300 583 316; x_wconf 81' lang='lat' dir='ltr'>eruta</span> <span class='ocrx_word' id='word_1_48' title='bbox 590 290 637 316; x_wconf 83' lang='lat' dir='ltr'>sunt</span> <span class='ocrx_word' id='word_1_49' title='bbox 646 292 778 319; x_wconf 80' lang='lat' dir='ltr'>numismata</span> <span class='ocrx_word' id='word_1_50' title='bbox 788 305 835 320; x_wconf 87' lang='lat' dir='ltr'>non</span> 
     </span>
     <span class='ocr_line' id='line_1_7' title="bbox 172 327 833 360; baseline -0.002 -9"><span class='ocrx_word' id='word_1_51' title='bbox 172 335 241 360; x_wconf 78' lang='lat' dir='ltr'>pauca</span> <span class='ocrx_word' id='word_1_52' title='bbox 251 347 257 358; x_wconf 86' lang='lat'><em>‚</em></span> <span class='ocrx_word' id='word_1_53' title='bbox 269 327 395 358; x_wconf 78' lang='lat' dir='ltr'>Valeriani,</span> <span class='ocrx_word' id='word_1_54' title='bbox 409 328 521 351; x_wconf 83' lang='lat' dir='ltr'>Maxentii</span> <span class='ocrx_word' id='word_1_55' title='bbox 532 330 554 350; x_wconf 91' lang='lat'>&amp;</span> <span class='ocrx_word' id='word_1_56' title='bbox 566 327 718 358; x_wconf 67' lang='lat' dir='ltr'>Constantini;</span> <span class='ocrx_word' id='word_1_57' title='bbox 728 329 787 353; x_wconf 88' lang='lat' dir='ltr'>unde</span> <span class='ocrx_word' id='word_1_58' title='bbox 798 329 833 354; x_wconf 79' lang='lat' dir='ltr'>fir.</span> 
     </span>
     <span class='ocr_line' id='line_1_8' title="bbox 171 360 835 395; baseline 0.005 -9"><span class='ocrx_word' id='word_1_59' title='bbox 171 370 243 386; x_wconf 83' lang='lat' dir='ltr'>matur</span> <span class='ocrx_word' id='word_1_60' title='bbox 252 364 329 395; x_wconf 85' lang='lat' dir='ltr'>opinio</span> <span class='ocrx_word' id='word_1_61' title='bbox 340 362 387 386; x_wconf 77' lang='lat' dir='ltr'>aliis</span> <span class='ocrx_word' id='word_1_62' title='bbox 393 360 450 386; x_wconf 82' lang='lat' dir='ltr'>fulta</span> <span class='ocrx_word' id='word_1_63' title='bbox 461 360 527 395; x_wconf 79' lang='lat' dir='ltr'>fignis</span> <span class='ocrx_word' id='word_1_64' title='bbox 539 364 562 384; x_wconf 89' lang='lat'><strong>&amp;</strong></span> <span class='ocrx_word' id='word_1_65' title='bbox 573 363 703 392; x_wconf 60' lang='lat' dir='ltr'>conjezsturis</span> <span class='ocrx_word' id='word_1_66' title='bbox 712 383 719 393; x_wconf 85' lang='lat'><em>,</em></span> <span class='ocrx_word' id='word_1_67' title='bbox 732 364 835 389; x_wconf 82' lang='lat' dir='ltr'>videlicet</span> 
     </span>
     <span class='ocr_line' id='line_1_9' title="bbox 171 395 833 429; baseline 0.002 -10"><span class='ocrx_word' id='word_1_68' title='bbox 171 404 210 420; x_wconf 81' lang='lat' dir='ltr'>aut</span> <span class='ocrx_word' id='word_1_69' title='bbox 220 396 361 421; x_wconf 86' lang='lat' dir='ltr'>Constantini</span> <span class='ocrx_word' id='word_1_70' title='bbox 375 406 421 421; x_wconf 82' lang='lat' dir='ltr'>aevo</span> <span class='ocrx_word' id='word_1_71' title='bbox 430 417 436 427; x_wconf 80' lang='lat'><em>,</em></span> <span class='ocrx_word' id='word_1_72' title='bbox 454 404 491 419; x_wconf 78' lang='lat' dir='ltr'>aut</span> <span class='ocrx_word' id='word_1_73' title='bbox 505 395 555 429; x_wconf 87' lang='lat' dir='ltr'>post</span> <span class='ocrx_word' id='word_1_74' title='bbox 567 396 740 421; x_wconf 73' lang='lat' dir='ltr'>Constantinum</span> <span class='ocrx_word' id='word_1_75' title='bbox 755 398 833 422; x_wconf 86' lang='lat' dir='ltr'><strong>confe-</strong></span> 
     </span>
     <span class='ocr_line' id='line_1_10' title="bbox 171 428 834 466; baseline 0.005 -12"><span class='ocrx_word' id='word_1_76' title='bbox 171 431 232 454; x_wconf 63' lang='lat' dir='ltr'>&amp;am</span> <span class='ocrx_word' id='word_1_77' title='bbox 242 439 321 455; x_wconf 82' lang='lat' dir='ltr'><strong>urnam</strong></span> <span class='ocrx_word' id='word_1_78' title='bbox 329 429 408 457; x_wconf 82' lang='lat' dir='ltr'>fuisse:</span> <span class='ocrx_word' id='word_1_79' title='bbox 422 433 444 455; x_wconf 87' lang='lat' dir='ltr'>in</span> <span class='ocrx_word' id='word_1_80' title='bbox 456 439 499 464; x_wconf 83' lang='lat' dir='ltr'>qua</span> <span class='ocrx_word' id='word_1_81' title='bbox 515 428 595 454; x_wconf 77' lang='lat' dir='ltr'>scilicet</span> <span class='ocrx_word' id='word_1_82' title='bbox 609 429 703 455; x_wconf 78' lang='lat' dir='ltr'>labentis</span> <span class='ocrx_word' id='word_1_83' title='bbox 713 430 834 466; x_wconf 66' lang='lat' dir='ltr'><strong>sculptoria·</strong></span> 
     </span>
     <span class='ocr_line' id='line_1_11' title="bbox 171 463 833 499; baseline 0.003 -11"><span class='ocrx_word' id='word_1_84' title='bbox 171 467 223 488; x_wconf 78' lang='lat' dir='ltr'>artis</span> <span class='ocrx_word' id='word_1_85' title='bbox 235 473 313 490; x_wconf 83' lang='lat' dir='ltr'>notam</span> <span class='ocrx_word' id='word_1_86' title='bbox 323 464 402 490; x_wconf 81' lang='lat' dir='ltr'>fabrile</span> <span class='ocrx_word' id='word_1_87' title='bbox 415 473 470 499; x_wconf 84' lang='lat' dir='ltr'>opus</span> <span class='ocrx_word' id='word_1_88' title='bbox 479 463 573 498; x_wconf 81' lang='lat' dir='ltr'>praefert.</span> <span class='ocrx_word' id='word_1_89' title='bbox 596 466 697 489; x_wconf 84' lang='lat' dir='ltr'>Proxime</span> <span class='ocrx_word' id='word_1_90' title='bbox 710 475 790 492; x_wconf 83' lang='lat' dir='ltr'>urnam</span> <span class='ocrx_word' id='word_1_91' title='bbox 802 470 833 499; x_wconf 79' lang='lat' dir='ltr'>ja.</span> 
     </span>
     <span class='ocr_line' id='line_1_12' title="bbox 170 497 480 534; baseline 0.006 -12"><span class='ocrx_word' id='word_1_92' title='bbox 170 498 236 523; x_wconf 75' lang='lat' dir='ltr'>cebat</span> <span class='ocrx_word' id='word_1_93' title='bbox 249 498 342 534; x_wconf 86' lang='lat' dir='ltr'>sequens</span> <span class='ocrx_word' id='word_1_94' title='bbox 354 497 465 532; x_wconf 77' lang='lat' dir='ltr'>inscriptio</span> <span class='ocrx_word' id='word_1_95' title='bbox 475 510 480 524; x_wconf 71' lang='grc' dir='ltr'>ε</span> 
     </span>
    </p>
   </div>
   <div class='ocr_carea' id='block_1_2' title="bbox 241 560 765 693">
    <p class='ocr_par' dir='ltr' id='par_1_3' title="bbox 246 560 750 582">
     <span class='ocr_line' id='line_1_13' title="bbox 246 560 750 582; baseline 0.004 -2"><span class='ocrx_word' id='word_1_96' title='bbox 246 561 283 580; x_wconf 92' lang='grc' dir='ltr'>ΙΝ</span> <span class='ocrx_word' id='word_1_97' title='bbox 302 560 375 580; x_wconf 89' lang='lat' dir='ltr'>HOC</span> <span class='ocrx_word' id='word_1_98' title='bbox 394 560 567 580; x_wconf 84' lang='lat' dir='ltr'>SEPVLCRO</span> <span class='ocrx_word' id='word_1_99' title='bbox 589 560 750 582; x_wconf 83' lang='lat' dir='ltr'>CONDITA</span> 
     </span>
    </p>

    <p class='ocr_par' dir='ltr' id='par_1_4' title="bbox 244 588 676 615">
     <span class='ocr_line' id='line_1_14' title="bbox 244 588 676 615; baseline 0.002 -7"><span class='ocrx_word' id='word_1_100' title='bbox 244 588 440 609; x_wconf 83' lang='lat' dir='ltr'>MAXIMILLA</span> <span class='ocrx_word' id='word_1_101' title='bbox 457 588 559 615; x_wconf 86' lang='lat' dir='ltr'>JACET</span> <span class='ocrx_word' id='word_1_102' title='bbox 577 588 620 608; x_wconf 89' lang='lat' dir='ltr'>CV</span> <span class='ocrx_word' id='word_1_103' title='bbox 640 589 676 609; x_wconf 89' lang='lat' dir='ltr'>VS</span> 
     </span>
    </p>

    <p class='ocr_par' dir='ltr' id='par_1_5' title="bbox 241 616 765 637">
     <span class='ocr_line' id='line_1_15' title="bbox 241 616 765 637; baseline 0.002 -1"><span class='ocrx_word' id='word_1_104' title='bbox 241 616 402 637; x_wconf 81' lang='lat' dir='ltr'>MEMORIA</span> <span class='ocrx_word' id='word_1_105' title='bbox 421 616 543 636; x_wconf 88' lang='lat' dir='ltr'>DULCIS</span> <span class='ocrx_word' id='word_1_106' title='bbox 562 617 605 636; x_wconf 87' lang='lat' dir='ltr'>VT</span> <span class='ocrx_word' id='word_1_107' title='bbox 652 617 765 637; x_wconf 85' lang='lat' dir='ltr'>ANEAT</span> 
     </span>
    </p>

    <p class='ocr_par' dir='ltr' id='par_1_6' title="bbox 242 643 752 693">
     <span class='ocr_line' id='line_1_16' title="bbox 242 643 752 670; baseline 0.002 -6"><span class='ocrx_word' id='word_1_108' title='bbox 242 644 303 664; x_wconf 88' lang='lat' dir='ltr'>DIV</span> <span class='ocrx_word' id='word_1_109' title='bbox 320 644 415 664; x_wconf 83' lang='lat' dir='ltr'>FELIX</span> <span class='ocrx_word' id='word_1_110' title='bbox 430 643 538 664; x_wconf 80' lang='lat' dir='ltr'>KARAE</span> <span class='ocrx_word' id='word_1_111' title='bbox 561 643 752 670; x_wconf 84' lang='lat' dir='ltr'>C01vG1(fic)</span> 
     </span>
     <span class='ocr_line' id='line_1_17' title="bbox 280 672 485 693; baseline -0.005 -1"><span class='ocrx_word' id='word_1_112' title='bbox 280 672 374 693; x_wconf 85' lang='lat' dir='ltr'>FECIT</span> <span class='ocrx_word' id='word_1_113' title='bbox 401 672 485 692; x_wconf 56' lang='lat' dir='ltr'><strong>SVAE-</strong></span> 
     </span>
    </p>
   </div>
   <div class='ocr_carea' id='block_1_3' title="bbox 719 1228 826 1251">
    <p class='ocr_par' dir='ltr' id='par_1_7' title="bbox 719 1228 826 1251">
     <span class='ocr_line' id='line_1_18' title="bbox 719 1228 826 1251; baseline 0.019 -2"><span class='ocrx_word' id='word_1_114' title='bbox 719 1228 826 1251; x_wconf 82' lang='lat' dir='ltr'>INDEX</span> 
     </span>
    </p>
   </div>
  </div>
 </body>
</html>
