4060 5700
193 388 223 467 4
650 359 831 446 Diariam
866 353 1048 444 Italicum.

248 482 552 591 Vigefimaterticl
572 484 735 583 ejusdem
749 488 874 563 menso
893 487 1127 563 Avenionem
1142 481 1370 563 devenimus.
1391 488 1495 568 Hinc

192 587 240 667 ad
258 592 523 669 Monastetium
550 593 586 668 S.
604 592 782 689 Andreae,
799 594 858 670 ubi
880 589 899 668 i
919 596 972 669 D.
993 593 1130 682 Jacobo
1151 598 1183 669 la
1208 596 1344 670 Gorree
1372 598 1495 674 Priore

191 698 395 799 excipimur
411 700 558 775 urbane.
589 701 648 779 Est
668 700 807 779 ibidem
829 699 875 776 ad
893 704 1042 777 alteram
1061 702 1198 777 scilicet
1215 701 1370 778 fluminis
1390 730 1494 782 oram

190 804 486 883 Cartufianorum
511 808 740 885 Coenobium
761 810 961 883 excitatum
983 818 1020 885 ὃ(
1039 806 1272 914 pinguillrmis
1290 805 1411 886 fundis
1435 810 1492 887 di-

187 932 308 989 tatum
334 915 380 992 ab
402 915 621 991 Innocentio
640 915 879 994 V1.summo
897 915 1004 991 Pont.
1038 915 1159 1013 Hujus
1173 916 1284 1018 vcastelo
1311 917 1432 994 visam
1454 920 1492 993 in

189 1015 374 1119 thesauro,
397 1016 515 1099 sormi
532 1019 578 1098 ad
594 1023 774 1099 circinum
795 1018 972 1118 rotunda,
993 1024 1030 1097 in
1050 1023 1150 1122 cujus
1172 1047 1299 1099 centro
1323 1018 1491 1100 foramen

188 1124 239 1199 est
258 1126 451 1204 inserendo
468 1130 577 1232 capiti
588 1193 599 1228 ‚
620 1132 657 1205 in
678 1131 856 1205 anteriore
872 1153 973 1230 parte
992 1153 1080 1204 crux
1099 1154 1166 1203 acu
1178 1125 1331 1233 depicla.
1343 1129 1490 1207 Ibidem

180 1230 227 1304 in
250 1233 381 1311 sacello
400 1235 566 1340 quodam
580 1231 742 1337 ejusdem
752 1233 940 1313 Pontificis
958 1233 1031 1312 olla
1044 1232 1255 1341 quiescunt,
1276 1236 1488 1341 Sepulcrum

184 1338 408 1444 conspicitur
426 1371 537 1447 opere
553 1343 646 1421 rudi.

235 1444 357 1525 Primi
374 1453 467 1539 Junii
484 1454 670 1528 Arelatem
687 1450 853 1549 venimt‚
873 1472 983 1555 atque
1002 1447 1022 1527 *a
1039 1453 1091 1528 Ι).
1113 1447 1304 1529 Ludovico
1325 1450 1486 1529 Ferretio

180 1553 248 1654 qui
266 1556 439 1635 coenobio
450 1560 753 1663 praeerat,vetetis
770 1557 1120 1653 amicitiaenomine,
1137 1560 1244 1633 nullis
1263 1585 1336 1634 non
1348 1557 1487 1635 benefi-

179 1660 249 1733 ciis
265 1689 450 1741 ornamur.
473 1669 538 1741 lllo
556 1666 695 1742 comite
713 1662 758 1741 ad
772 1665 1182 1770 infigneMonasterium
1198 1665 1343 1741 Montis
1361 1665 1486 1765 Majo-

181 1765 230 1839 ris
247 1773 428 1875 pergimus
442 1770 599 1849 secunda
610 1774 717 1863 Junii.
735 1773 776 1847 lu
789 1770 922 1847 declivi
935 1774 1071 1848 montis
1081 1769 1243 1847 visuntur
1255 1796 1390 1875 cryptae
1400 1768 1484 1846 sub-

181 1894 352 1954 terranea
369 1939 379 1975 ,
399 1878 518 1983 estque
539 1882 663 1984 opinio
686 1878 766 1955 istic
791 1872 929 1955 latuill'e
958 1880 995 1955 S.
1020 1880 1265 1984 Trophimum
1284 1878 1483 1981 Apostolo-

177 2003 261 2055 rum
279 1981 520 2091 discipulum:
541 1985 780 2063 monstrantur
807 1985 953 2063 latebrae
969 1987 1159 2080 ecaritate,
1180 1986 1215 2060 in
1241 2009 1314 2086 quo
1342 1981 1484 2059 sacrum

178 2081 326 2185 feciss'e,
348 2094 513 2197 itemque
530 2097 630 2170 locus
651 2092 713 2166 ubi
730 2087 920 2167 accedenti
936 2093 1070 2196 populo
1090 2091 1183 2195 qualr
1197 2119 1217 2166 c
1230 2086 1391 2270 suggestu
1405 2117 1484 2167 ver·

173 2190 272 2272 bum
293 2200 368 2275 Dei
385 2195 589 2304 praedicall'e
609 2196 734 2277 fertur.
753 2191 926 2276 Proximi:
951 2197 1220 2274 Monaste‘tium
1244 2222 1263 2269 e
1308 2193 1483 2301 antiquis-

176 2300 265 2379 fitna
283 2306 436 2411 Capella
457 2307 492 2382 S.
512 2308 645 2384 Crucis
663 2310 698 2381 in
718 2333 789 2409 qua
806 2302 926 2381 isthac
946 2302 1134 2406 inscriptio
1153 2304 1293 2410 legitur.

229 2420 407 2491 oraverint
421 2412 574 2513 universt
584 2415 678 2517 quad
690 2412 763 2491 erim
784 2410 1022 2513 Sereniſsimns
1043 2418 1197 2521 Princeps
1222 2410 1362 2485 Carolus
1383 2420 1483 2512 Mag·

175 2538 240 2589 nus
259 2530 461 2599 Francorum
480 2535 555 2596 Itrx
575 2526 750 2597 civitatem
771 2520 960 2604 Arelatem,
980 2544 1051 2626 qne
1071 2515 1112 2591 ab
1135 2513 1330 2618 infidelibus
1347 2516 1479 2590 detine·

172 2620 283 2709 batur,
301 2623 493 2727 obsedffeta
514 2629 557 2709 (a
573 2627 677 2734 ipfltm
700 2631 744 2705 vi
767 2651 931 2701 armornm
950 2622 1102 2730 cepisset,
1125 2620 1167 2706 ὠ
1193 2628 1351 2699 Saraceni
1369 2625 1406 2695 in
1425 2650 1481 2695 ea-

172 2725 248 2800 dem
265 2732 445 2835 existentes
463 2758 524 2841 pro
549 2739 672 2846 marjori
684 2756 781 2841 parte
800 2728 997 2834 nufhgtffent
1015 2739 1052 2807 in
1072 2751 1232 2804 montana
1257 2735 1479 2804 Montis-ma·

161 2839 278 2941 joris,
298 2841 341 2921 όΝ
359 2838 488 2917 ibidem
499 2839 540 2942 se
555 2842 792 2942 attraxissent,
814 2845 856 2920 (or
877 2846 913 2911 c'ra
931 2846 1045 2912 canam
1056 2833 1097 2937 se
1115 2831 1369 2933 marosticam&
1388 2836 1480 2909 idam

170 2952 247 3017 Rex
271 2971 347 3018 cam
365 2953 511 3023 exercita
523 2945 586 3050 fico
608 2943 757 3045 menstra
775 2967 836 3050 pro
860 2942 937 3049 ipsts
961 2940 1186 3026 debellandas,
1207 2941 1413 3047 triampbam
1436 2942 1476 3016 de

168 3051 185 3120 a·
198 3051 249 3147 fis
269 3048 483 3153 obtinmfflt,
503 3053 545 3140 (r
562 3052 602 3127 de
623 3051 692 3158 ipfir
708 3056 837 3156 gratias
864 3065 933 3125 Deo
950 3047 1089 3153 agendo,
1105 3054 1142 3123 in
1149 3045 1286 3151 figorem
1302 3048 1480 3154 injustae-

168 3160 207 3231 ati
226 3163 378 3234 vinaria
400 3159 591 3266 praestatem
607 3162 767 3258 eccleſsam
792 3161 830 3231 in
852 3154 1005 3231 honorem
1027 3161 1157 3232 rantra
1179 3157 1297 3227 Crucis
1328 3157 1482 3228 dedicari

157 3259 268 3370 feeit:
284 3264 328 3351 <b
338 3264 484 3373 presens
501 3265 736 3370 Maooffleriam
755 3269 793 3338 in
813 3263 971 3340 bonorem
993 3264 1108 3336 Samii
1129 3265 1222 3333 Petri
1244 3261 1478 3364 Apori'oloram

160 3375 335 3480 princepis
359 3373 570 3456 dedicatam,
590 3372 683 3479 quod
691 3369 730 3446 ab
745 3375 758 3443 i
771 3371 822 3469 ſss
839 3366 1382 3475 infidelibaspenitardefiniebam
1392 3368 1481 3471 flac·

167 3501 241 3572 rat,
257 3479 301 3566 <b
325 3478 550 3557 inhabitabile
567 3478 764 3564 rederium,
790 3476 883 3553 idem
901 3489 976 3550 Rex
996 3476 1105 3580 ipſsam
1127 3477 1301 3578 reparavit
1328 3478 1368 3553 ὓ*
1395 3502 1474 3547 rea-

166 3588 345 3687 enecavit,
364 3585 407 3673 οὲ
429 3584 610 3664 noneolas
634 3585 758 3664 ibidem
780 3604 841 3687 pro
857 3580 1040 3682 serviendo
1062 3598 1131 3657 Deo
1159 3585 1275 3652 venire
1296 3577 1408 3684 sctit,
1433 3579 1475 3659 &⁶

166 3690 269 3796 instem
288 3691 436 3783 dotavit,
455 3695 498 3780 ά
512 3695 610 3801 plura
630 3694 716 3770 donn
733 3692 842 3769 eidem
862 3692 1031 3764 reattulit:
1049 3695 1085 3761 ia
1105 3713 1170 3789 qno
1190 3682 1324 3788 quidem
1341 3682 1475 3782 Mataafi

167 3807 249 3875 aeria
263 3804 377 3907 plures
401 3803 441 3877 de
459 3812 598 3877 Francia
617 3800 744 3877 ibidem
767 3796 968 3874 debellantes
977 3797 1104 3904 sipalta'
1114 3796 1212 3895 saint.
1241 3803 1261 3862 1
1265 3796 1322 3862 a‘eo
1340 3788 1476 3891 fratrea

166 3927 257 3984 orate
267 3932 328 4014 pro
348 3914 408 3984 eis.
1297 4002 1304 4015 υ

223 4018 319 4125 Q
335 4014 486 4117 quidem
504 4014 727 4119 inscriptioli
738 4010 937 4115 cujuspiam
954 3999 1284 4097 auctoritatiseffet‚
1297 3999 1472 4125 rnfignem

167 4122 277 4203 nobis
294 4126 420 4201 Caroli
441 4126 562 4231 magni
580 4125 768 4200 villariam
788 4121 964 4224 aperiret;
985 4140 1022 4192 at
1043 4115 1065 4192 fi
1086 4112 1175 4217 quid
1197 4111 1266 4186 hac
1286 4110 1324 4181 in
1338 4103 1471 4180 reulus

168 4231 258 4307 inest
277 4228 395 4326 nobis,
411 4230 555 4309 decimo
573 4234 682 4309 tertio
701 4252 848 4307 tantum
867 4226 998 4305 seculo
1011 4217 1188 4325 descripta
1202 4242 1263 4312 ,ut
1281 4241 1326 4289 ex
1346 4211 1472 4287 chara-

168 4341 273 4421 &eris
296 4365 430 4444 genere
448 4342 581 4442 liquet,
594 4340 730 4416 nullius
751 4335 855 4443 pretii
879 4334 944 4434 cst,
961 4357 1049 4410 cum
1067 4321 1226 4406 maximi
1247 4347 1337 4401 vera:
1355 4316 1470 4424 gella·

167 4475 249 4526 tum
278 4472 399 4524 rerum
420 4446 574 4525 historia·
593 4470 782 4554 repugnet.
1347 4536 1370 4551 ..

146 4605 147 4608 =
221 4548 789 4659 Camposutvocantfilysrosad
810 4532 1467 4631 conventumMinimorumadamus,

165 4664 218 4745 ibi
233 4659 392 4770 sepulcra
400 4665 552 4770 antiqua
562 4658 651 4742 bene
663 4663 793 4759 multa,
802 4668 840 4740 be
851 4657 889 4738 in
897 4659 1101 4753 Conventa
1109 4646 1361 4755 inscriptiones
1371 4642 1466 4751 spar-
