4060 5700
753 500 787 586 P
823 497 859 585 R
895 494 953 581 AE
991 496 1025 582 F
1057 492 1096 578 Α
1133 489 1231 579 T!
1255 493 1302 574 0.

363 662 652 770 nequaquam
675 623 945 726 omittendus
969 646 1062 713 erat
1089 625 1136 712 in
1162 648 1367 714 nummo.
1420 607 1573 726 Quare
1607 618 1696 710 exi.

362 775 509 874 stimat
529 768 601 867 ille
624 760 856 864 Colossum
881 763 957 892 qui
982 784 1086 852 ante
1111 754 1330 850 Hadriani
1354 783 1495 843 avum
1515 784 1540 841 a
1568 749 1690 848 Coli-

359 905 431 1010 seo
459 903 791 1017 dinumerat,
812 893 869 994 ab
892 890 1052 988 eodem
1076 892 1309 988 Hadriano
1334 885 1572 981 deductum
1592 920 1689 1018 pto-

360 1055 480 1147 xime
505 1036 900 1175 Amphitheatrurn
925 1028 1070 1126 Flavii.
1119 1028 1241 1161 quod
1270 1025 1420 1161 postea
1451 1058 1477 1117 a
1506 1020 1688 1120 Coloffo

359 1179 590 1302 Colosse'i,
626 1177 819 1309 indeque
850 1160 1013 1264 Colisei
1043 1200 1211 1263 nornen
1244 1195 1495 1259 mutuatum
1523 1153 1683 1260 fuerit:

357 1326 572 1450 Pegmata
597 1350 731 1450 porro
753 1348 779 1406 a
804 1304 1005 1406 Martiali
1029 1333 1409 1421 memorata,non
1431 1290 1555 1392 fuisse
1578 1302 1688 1395 Am-

358 1454 599 1593 phitheatri
610 1446 758 1553 ustbus
775 1445 991 1543 destinata
1005 1440 1254 1539 arbitratur.
1284 1430 1509 1535 Haecscitd
1537 1428 1687 1532 obser.

356 1627 488 1697 vata:
519 1607 673 1690 verunt
694 1619 789 1684 non
812 1580 916 1679 talia
938 1574 1036 1675 sunt
1055 1614 1153 1711 qua
1172 1611 1251 1671 nos
1274 1609 1299 1668 a
1318 1570 1496 1705 pristina
1517 1567 1689 1668 senten·

357 1738 418 1830 tia
449 1723 619 1862 prorsus
653 1724 949 1837 dimoveant3
980 1750 1087 1811 narn
1120 1711 1245 1848 quod
1271 1705 1409 1807 habet
1435 1716 1686 1838 Spartianus

358 1863 586 1963 Colossum
609 1893 713 1960 ante
739 1858 955 1957 Hadriani
977 1887 1149 1985 tempus
1173 1885 1229 1943 eo
1252 1856 1296 1941 in
1321 1843 1424 1941 loco
1449 1840 1573 1941 fuiffe
1595 1879 1689 1977 quo

358 2001 520 2100 deinde
545 1997 791 2131 Templum
818 1991 952 2095 Urbis
972 1997 1214 2085 excitatum
1233 1984 1298 2079 est
1319 2035 1332 2103 3
1359 1989 1561 2114 opinioni
1586 1978 1689 2075 [and

356 2140 515 2241 nostra
535 2129 710 2257 faveat,
731 2127 961 2265 stquidem
975 2120 1192 2259 templum
1207 2114 1343 2220 Urbis
1361 2128 1519 2218 Rornae
1535 2132 1577 2211 δε
1595 2128 1687 2215 Ve-

356 2285 497 2397 neris,
523 2271 579 2375 ab
607 2272 839 2369 Hadriano
864 2265 1106 2382 strudutn,
1132 2269 1178 2352 in
1198 2253 1333 2352 hortis
1358 2265 1397 2352 S.
1428 2260 1581 2347 Mariae
1606 2289 1688 2349 no-

357 2449 418 2511 vae
446 2405 600 2532 fuerit5
624 2408 750 2543 quod
774 2416 835 2502 ita
858 2433 1031 2498 eertutn
1054 2392 1139 2492 esse
1165 2426 1333 2529 pugnat
1360 2390 1615 2513 Nardinus‚
1642 2422 1692 2485 ur

356 2543 397 2646 se
422 2547 493 2645 vel
516 2561 767 2675 juramento
788 2536 1027 2639 adfirmare
1056 2566 1260 2670 paratum
1289 2531 1436 2648 dicat,
1470 2527 1690 2661 templum

359 2684 493 2792 Urbis
521 2700 678 2785 Roma
701 2699 745 2777 &
768 2682 954 2776 Veneris
974 2669 1061 2769 effe
1081 2671 1190 2769 duos
1213 2667 1308 2764 illos
1333 2659 1526 2765 fornices
1549 2674 1624 2795 qui
1641 2674 1689 2764 in

356 2820 494 2921 hortis
520 2836 559 2922 S.
587 2829 743 2923 Maria
768 2827 911 2917 Nova
933 2802 1191 2908 conststunt.
1226 2813 1352 2903 Licet
1366 2835 1500 2937 porro
1516 2834 1690 2901 tantam

360 2965 551 3063 Nardini
581 2956 907 3060 confidentiam
922 2984 1015 3050 non
1033 2953 1222 3039 omnino
1245 2937 1509 3078 probemus,
1537 2973 1686 3072 neque

357 3097 541 3195 velimus
563 3092 752 3192 fornices
773 3091 868 3187 illos
888 3122 971 3225 pro
984 3088 1168 3181 Veneris
1190 3095 1233 3174 ὅ(
1264 3092 1419 3181 Roma
1435 3074 1604 3207 templo
1623 3087 1687 3172 in-

358 3217 610 3331 dubitanter
629 3228 868 3363 affignare3
888 3255 1086 3318 attamen
1107 3215 1178 3314 vel
1199 3227 1245 3314 in
1269 3210 1370 3352 ipsis
1395 3210 1533 3310 hortis
1561 3212 1631 3308 vei
1657 3249 1683 3311 e

355 3380 506 3467 vicino
538 3364 731 3508 positum
762 3358 885 3463 fuisse
911 3357 1175 3462 arbitramur
1198 3401 1208 3455 ς
1234 3388 1340 3447 nam
1372 3347 1537 3483 templa
1574 3348 1683 3451 olim

360 3520 517 3607 Roma:
533 3590 546 3629 ‚
563 3516 707 3633 exigui
725 3504 938 3637 quidem,
965 3528 1010 3591 ut
1032 3486 1276 3633 plutimdm
1287 3570 1300 3611 ,
1318 3483 1511 3584 arnbittis
1537 3522 1685 3605 erant,

358 3641 432 3743 sed
452 3642 578 3782 supra
601 3640 738 3740 fidem
761 3631 1023 3771 frequentia,
1078 3642 1196 3727 Cum
1214 3636 1343 3761 igitur
1361 3628 1509 3720 Aurea
1528 3623 1685 3720 domus

359 3819 459 3923 qua·
481 3821 507 3878 a
530 3782 701 3881 Palatio
728 3774 1029 3908 Augustorum
1057 3766 1115 3865 ad
1148 3780 1187 3864 S.
1220 3775 1397 3861 Petrum
1427 3769 1471 3855 in
1499 3762 1686 3858 vinculis

357 3915 599 4042 tendebat,
629 3936 672 4013 &
699 3949 853 4011 areum
874 3918 993 4025 Titi,
1016 3924 1059 4002 ὃς
1087 3914 1124 4003 S.
1152 3908 1345 3997 Mariam
1370 3935 1533 3995 novam
1559 3932 1606 3995 ut
1629 3935 1682 3996 ex

360 4050 441 4157 sttu
464 4058 634 4192 liquet,
654 4073 697 4153 de
724 4086 892 4189 partem
923 4058 1058 4145 etiam
1083 4041 1314 4138 hortorum
1342 4046 1589 4169 occuparit,
1611 4072 1684 4132 ve.

359 4179 1019 4307 tostmileestatriurnejusdem
1041 4166 1680 4309 domusinipfishortisfuiffe,

359 4371 454 4473 quo
479 4332 580 4430 loco
603 4330 763 4427 scilicet
784 4319 1016 4437 colossus,
1042 4350 1088 4415 ut
1110 4309 1244 4413 habet
1265 4309 1506 4433 Martialis,
1528 4346 1552 4403 a
1571 4320 1680 4408 Tito

359 4472 602 4575 collocatus
620 4469 708 4588 est,
731 4497 783 4564 ac
804 4459 964 4562 deinde
984 4464 1224 4554 excitatum
1248 4448 1304 4549 ab
1327 4448 1559 4545 Hadriano
1587 4453 1677 4543 Ut.

360 4610 425 4716 bis
444 4618 597 4709 Roma
614 4609 866 4707 acVeneris
881 4592 1111 4733 ternplum.
1145 4600 1196 4689 Et
1216 4589 1415 4686 advertas
1430 4582 1559 4681 velini
1579 4593 1678 4682 Ha.

361 4752 566 4855 dtianntn
590 4742 710 4848 haud
742 4734 897 4881 procul
930 4771 957 4836 a
983 4730 1165 4873 pristino
1190 4721 1275 4828 sttu
1296 4718 1680 4883 continuerat.

1478 4896 1490 4955 t
1514 4892 1540 4985 ¹1
