4414 5692
962 391 1089 510 Caput
1118 371 1359 510 vigefimum
1375 371 1574 505 primum.
1851 425 1935 514 307

601 518 728 615 mine,
748 508 933 606 Bourbon,
951 516 1078 623 prima
1094 536 1225 590 manu.
1265 509 1313 588 ln
1335 500 1565 618 Hispaniam
1591 528 1687 586 vero
1707 509 1936 602 transsatum

598 622 827 736 exemplar,
843 620 1014 733 indeque
1030 617 1247 734 Neapolim
1263 640 1537 731 exportatum,
1556 620 1597 697 in
1615 616 1781 703 Valletae
1798 652 1935 711 manus

600 736 768 817 devenit.

654 845 835 928 Secunda
862 843 1103 929 Novembris
1128 838 1406 957 pomeridianis
1422 839 1559 945 horis,
1588 846 1735 927 comite
1757 846 1934 932 Antonio

599 956 823 1061 Bulifonio,
840 962 880 1038 in
899 982 1077 1040 montem
1094 950 1304 1041 Vesuvium
1350 981 1690 1067 roperamus,quo
1707 986 1779 1038 nos
1797 986 1935 1045 evoca-

597 1067 766 1150 batnon
786 1068 989 1153 celebritas
1008 1067 1132 1150 modo
1156 1065 1236 1148 loci
1261 1134 1273 1169 ,
1315 1065 1367 1147 ed
1397 1092 1553 1179 nuperae
1581 1070 1699 1148 etiam
1719 1078 1933 1184 eruptionis

596 1179 762 1294 vestigia.
788 1185 834 1263 ln
851 1182 987 1263 acclivi
1005 1184 1147 1263 montis
1157 1176 1315 1259 arbores
1324 1176 1464 1258 vitibus
1480 1177 1756 1291 adrepentibus
1771 1211 1937 1292 ornate,

598 1292 869 1405 quaepalmites
879 1300 1183 1404 circumquaque
1193 1293 1398 1393 emittunt,
1409 1289 1503 1371 alios
1513 1290 1595 1370 aliis
1605 1318 1775 1374 annexos
1786 1364 1797 1400 ,
1809 1304 1931 1380 conti,

596 1428 759 1484 nuatum
784 1404 920 1488 funem
942 1404 1100 1487 diceres.
1131 1406 1225 1516 Qra
1242 1403 1306 1484 die
1324 1402 1541 1486 transimus
1555 1403 1681 1485 onusti
1697 1405 1828 1488 adhuc
1847 1416 1929 1497 uvis

594 1514 773 1703 palmites
790 1542 902 1599 erant
923 1564 933 1623 3
954 1515 1064 1630 quod
1080 1519 1223 1596 mirum
1242 1512 1441 1618 videatur,
1455 1519 1496 1596 in
1512 1510 1669 1597 aestuoso
1679 1522 1861 1601 nimirum
1874 1518 1929 1602 so.

595 1656 636 1815 so
655 1649 737 1706 tam
754 1622 836 1710 sero
851 1657 943 1710 uvas
964 1620 1223 1711 maturescere
1243 1663 1252 1708 ε
1279 1622 1441 1741 idipsum
1458 1657 1541 1709 avo
1561 1620 1627 1707 suo
1645 1628 1838 1715 Martialis
1855 1632 1927 1715 ob.

611 1762 729 1819 srvat.

754 1924 842 1997 Hic
849 1920 922 2021 post
940 1912 1192 2008 Novembres,
1210 1920 1410 1992 imminente
1421 1919 1504 2018 jam
1521 1912 1668 2011 bruma,

756 2035 861 2108 Seras
873 2049 1020 2131 putator
1034 2023 1193 2105 horridus
1214 2023 1320 2127 refert
1332 2052 1437 2106 uvas.

645 2185 712 2267 De
732 2178 887 2268 Vesuvii
908 2187 1053 2266 montis
1068 2180 1227 2287 forma,
1251 2210 1320 2265 eru
1348 2183 1518 2264 tionibus
1536 2185 1682 2267 assiduis
1703 2255 1714 2289 ,
1734 2188 1925 2273 mirabilia

592 2321 810 2376 narrantur.
834 2300 927 2407 Qio
946 2300 1059 2409 passo
1076 2291 1220 2377 scilicet
1237 2211 1360 2375 modb
1379 2292 1529 2398 fumos,
1547 2296 1924 2383 moxslammaseru-

590 2411 688 2511 diet,
706 2406 853 2520 lapides
870 2411 1046 2521 ingentes
1064 2410 1242 2511 emittat3
1260 2414 1354 2486 mox
1373 2407 1572 2519 compress
1584 2412 1624 2487 in
1635 2415 1808 2492 cavernis
1817 2415 1924 2525 ignes

592 2541 739 2601 terram
759 2515 973 2600 succutiant
991 2565 1001 2624 3
1022 2518 1114 2632 hinc
1133 2519 1312 2599 evomitis
1330 2515 1527 2599 infernalis
1545 2517 1779 2634 liquidaque
1798 2516 1922 2606 mate-

589 2634 653 2709 riae
672 2629 851 2731 effluviis,
867 2628 1017 2712 infinita
1027 2628 1172 2711 damna
1180 2631 1688 2742 importet,perniciemque
1700 2631 1853 2714 adferat
1863 2663 1924 2716 ca

589 2740 705 2824 stellis
724 2810 735 2845 ,
753 2746 844 2823 vicis
865 2809 874 2842 ,
894 2740 1115 2823 hominibus
1129 2807 1141 2844 ,
1156 2742 1358 2850 jumentis:
1374 2749 1414 2821 δι
1436 2740 1545 2850 quod
1564 2742 1793 2827 incredibile
1805 2745 1922 2852 disin,

589 2858 790 2965 ingentem
801 2858 880 2933 vim
898 2882 1006 2966 aquae
1022 2874 1254 2955 evomat,ut
1271 2855 1545 2932 circumvicina
1556 2851 1850 2960 locademersa,
1861 2862 1921 2937 in.

580 2968 705 3045 vteritu
724 2963 928 3044 hominum
948 3031 961 3069 ,
981 2963 1192 3045 domorum
1211 2989 1498 3076 ,agrorumque
1514 2967 1625 3045 ruina
1645 2965 1819 3048 devastet
1841 3015 1851 3071 3
1878 2970 1921 3051 id

587 3082 747 3188 inquam
765 3104 788 3155 a
805 3073 934 3156 multis
948 3079 1029 3186 jam
1048 3072 1279 3157 recensitum
1299 3142 1310 3179 ,
1329 3082 1369 3156 δε
1388 3102 1512 3189 nuper
1535 3103 1559 3156 a
1582 3074 1743 3157 laudato
1771 3072 1918 3161 Bulifo-

587 3192 752 3299 ni0,qni
769 3186 934 3267 diarium
953 3181 1107 3270 Vesuvii
1124 3186 1363 3268 emiffionum
1379 3210 1561 3269 accurate
1575 3186 1834 3294 elaboratum,
1845 3195 1916 3272 mi.

586 3305 754 3380 nutatim
771 3292 968 3411 descriptis
984 3296 1165 3379 omnibus
1179 3295 1317 3379 edidit.
1333 3303 1469 3409 Qare
1479 3326 1549 3378 nos
1562 3302 1605 3378 iis
1620 3293 1915 3413 supersedemus,

585 3416 806 3523 pariterque
819 3409 968 3492 filenno
977 3413 1166 3491 mittimus
1177 3437 1261 3521 quae
1323 3437 1480 3491 rmoras
1489 3409 1911 3524 Neapolitanasobser.

586 3526 757 3604 vavimus
766 3526 806 3602 in
823 3435 1676 3635 ecclesiis3cedisiciis,aedlbusqueprincipum.
1688 3525 1798 3635 Qsid
1809 3530 1915 3608 enim

582 3632 658 3714 bac
676 3638 716 3714 in
739 3661 780 3714 re
796 3637 888 3713 novi
889 3631 1171 3825 dproferamus,
1186 3632 1346 3743 quando
1365 3660 1413 3715 ex
1430 3633 1609 3714 omnibus
1619 3632 1722 3714 orbis
1733 3635 1918 3718 christia„

583 3751 621 3826 ni
639 3744 810 3857 partibus
834 3749 873 3825 in
917 3749 970 3826 ies
989 3745 1206 3827 adventant
1225 3748 1291 3854 qui
1308 3748 1522 3824 accuratius
1543 3748 1675 3827 omnia
1692 3745 1913 3861 circumspi-

582 3864 711 3959 ciunt,
729 3886 897 3969 quorum
916 3858 1091 3970 plerique
1111 3923 1124 3959 ,
1143 3882 1269 3966 neque
1289 3851 1405 3938 semel
1424 3857 1640 3958 recensita,
1663 3855 1783 3939 literis
1803 3887 1912 3941 man-

581 3969 701 4050 dant?

636 4080 790 4190 Qsartl
814 4078 1055 4161 Novembris
1074 4082 1113 4159 in
1133 4075 1412 4159 bibliothecam
1429 4081 1633 4191 S.Joannis
1650 4079 1700 4162 de
1712 4080 1912 4162 Carbona·

581 4196 637 4272 ria
657 4196 748 4275 RR.
768 4193 843 4272 Pl’.
862 4190 1231 4302 Augustinianorum
1248 4192 1519 4292 concedimus,
1531 4196 1570 4271 in
1590 4220 1666 4302 qua
1676 4192 1831 4273 codices
1842 4192 1908 4274 be-

579 4331 630 4386 ne
656 4302 769 4386 multi
789 4371 800 4404 ,
817 4302 867 4383 ad
897 4327 1083 4384 centenos
1109 4303 1270 4402 Graecos
1298 4301 1545 4413 totidemque
1572 4304 1729 4385 Latinos
1747 4331 1906 4384 enume-

578 4441 724 4496 rantur.
753 4417 864 4495 Dum
883 4413 955 4492 lios
973 4410 1222 4515 evolverem,
1242 4421 1283 4494 ὅ(
1301 4416 1354 4495 Ι).
1378 4411 1500 4495 Paulo
1520 4412 1623 4493 socio
1636 4412 1819 4524 quaedam
1839 4439 1905 4495 ex-

576 4524 780 4608 scribenda
797 4520 1034 4606 tradidissem
1053 4591 1065 4626 ,
1091 4527 1260 4604 accurrit
1279 4523 1404 4604 custos
1422 4521 1721 4635 interpellatque
1738 4519 1906 4607 scriben-

580 4665 660 4719 tem
680 4683 690 4736 3
715 4632 751 4715 se
769 4635 876 4743 quod
902 4633 1022 4715 talem
1051 4637 1105 4714 D.
1127 4633 1362 4715 Mabillonio
1381 4630 1572 4716 scribendi
1590 4639 1743 4759 copiam
1761 4632 1906 4718 fecisset

580 4744 727 4859 pulsum
745 4745 840 4824 olim
856 4772 878 4826 e
895 4744 1137 4827 Monastcrio
1154 4744 1330 4826 diffitens
1347 4782 1355 4823 ε
1376 4741 1520 4855 nosque
1535 4745 1708 4825 ulteriori
1725 4747 1904 4856 perquisr.

1617 4860 1696 4968 Q
1722 4861 1746 4966 i
