4060 5700
809 398 939 536 Caput
952 403 1167 538 fienndnm.
1590 448 1637 532 ¹7

376 549 420 625 In
437 571 510 622 uno
533 538 662 619 codice
679 539 886 650 Hepheslien
902 539 946 614 dc
975 544 1131 635 Mettis,
1153 533 1337 617 Michaelis
1362 542 1526 649 Aposlolii
1550 570 1636 649 pto·

321 655 457 749 verbio,
471 677 538 728 nec
557 678 630 725 non
650 653 781 752 Georgii
800 647 1043 723 Alexandrini.

373 768 509 865 Georgii
517 772 540 832 S
543 755 682 833 cholerii
694 754 943 832 Grammatico
953 756 989 829 in
1000 752 1129 829 codice
1140 752 1403 861 bombycinox
1416 785 1431 837 1
1444 784 1482 838 v.
1500 751 1635 836 saeculi.

372 867 572 967 Theolofius
592 863 636 939 de
659 860 892 940 AccentibuS.

375 973 607 1083 Moschopolns
628 968 673 1046 dc
695 968 837 1044 Mettis.
858 965 1029 1068 Ejusdem
1051 967 1301 1044 Grammatico
1320 965 1423 1072 saepe.

375 1079 536 1156 Historia
565 1076 701 1156 Iliados
729 1083 866 1153 Homeri
888 1076 925 1148 in
940 1073 1070 1151 codice
1093 1076 1373 1152 membranaceo
1401 1105 1466 1157 xi.
1489 1077 1628 1176 saeculi,

323 1184 444 1262 soluta
463 1187 627 1262 oratione
647 1181 774 1261 Gra-ce
796 1181 1001 1287 conscripta
1022 1207 1105 1258 cum
1126 1181 1268 1259 tabellis
1287 1185 1448 1263 miniatis
1461 1185 1556 1295 gesta
1572 1210 1631 1261 re·

322 1294 634 1399 praelssmtantibus.

374 1402 543 1478 Lexicon
563 1398 685 1500 cyrilli
703 1398 738 1471 in
758 1392 888 1472 codice
909 1421 1002 1473 x1v.
1027 1394 1158 1471 soeculi.

374 1510 546 1584 olonnelis
564 1505 783 1611 Moſshopolii
811 1505 979 1581 Lexicon
998 1508 1160 1607 amplum
1181 1509 1217 1580 'm
1239 1502 1370 1582 codice
1399 1505 1629 1615 bombycino

340 1640 405 1695 xv.
425 1614 504 1692 socc.
549 1662 564 1681 ·
1163 1629 1165 1633 ’

376 1724 547 1799 Lenicon
568 1720 739 1796 Graecum
763 1744 911 1822 parvum
935 1721 973 1793 in
991 1717 1214 1794 membrana.

376 1831 543 1904 Lexicon
560 1823 661 1902 aliud
675 1827 841 1904 Graecum
861 1829 899 1902 in
917 1845 961 1924 4⁰
974 1829 1013 1902 in
1030 1822 1161 1902 codice
1169 1824 1449 1909 membranaceo
1478 1855 1544 1908 xx·
1566 1827 1627 1909 sae·

321 1935 408 2013 culi.

375 2042 655 2149 Harpocrationis
677 2042 853 2138 Lexicon,
868 2062 982 2141 atque
996 2040 1033 2114 in
1044 2034 1177 2116 eodem
1191 2035 1320 2116 codice
1342 2040 1405 2146 qui
1423 2066 1549 2117 recens
1562 2038 1626 2126 est,

321 2146 522 2227 Orationes
542 2175 583 2224 x.
604 2171 804 2224 oratorum.

374 2257 537 2329 Lexicon
556 2253 872 2329 membranaceum
891 2278 1040 2356 parvum
1065 2255 1102 2329 in
1121 2250 1249 2329 codice
1270 2279 1362 2336 xrv.
1384 2250 1514 2329 soeculi.

375 2361 538 2435 Lexicon
561 2362 747 2464 po'eticum
768 2363 805 2435 in
827 2362 900 2436 alio
919 2358 1058 2435 codice.

321 2476 464 2541 Homeri
484 2469 568 2542 Ilias
592 2469 626 2541 in
643 2464 771 2541 codice
790 2464 1072 2544 membranaceo
1091 2493 1186 2544 x11.
1207 2464 1347 2561 saeculi,
1367 2464 1455 2538 item
1472 2465 1507 2538 in
1522 2463 1628 2539 bom.

321 2567 457 2674 bycino
486 2601 583 2652 x1v.
608 2598 718 2675 atque
736 2578 775 2647 in
800 2577 925 2649 multis
944 2570 1035 2647 aliis.
1070 2571 1242 2674 Ejusdem
1269 2571 1624 2675 (immaniinmanu,

321 2677 438 2752 codex
456 2677 582 2755 bomb.
605 2705 703 2759 xlv.
724 2677 801 2756 saec.
837 2679 996 2757 Homeri
1017 2680 1108 2757 item
1131 2673 1295 2785 Odyssea
1325 2678 1412 2755 cusa
1437 2679 1625 2755 Florentia:

319 2808 416 2859 anno
443 2795 542 2883 1488.

363 2900 512 2989 Joannis
531 2893 770 2969 Grammatici
793 2919 901 2994 parva
920 2896 1014 2969 Ilias.

374 2999 515 3096 Heſsodi
535 3000 659 3101 Opera
679 3011 715 3077 &
728 2998 851 3073 diesin
864 2997 995 3075 codice
1008 2996 1288 3074 membranaceo
1303 3026 1382 3078 x11
1399 3026 1426 3075 1.
1440 2997 1518 3075 stc.
1528 2995 1624 3076 Item

320 3099 465 3181 scutum
481 3106 653 3179 Herculis
675 3116 713 3183 δι
735 3104 956 3213 Theogonia
976 3106 1014 3180 in
1034 3103 1164 3182 codice
1184 3106 1283 3185 bom.
1305 3134 1353 3189 x1
1369 3134 1407 3182 V.
1428 3101 1505 3182 saec.

374 3214 522 3315 AEschyli
540 3208 720 3311 quaedam.

374 3321 517 3396 Pindari
537 3315 658 3392 codex
679 3320 803 3394 bomb.
826 3343 964 3395 recens.

373 3422 544 3542 Sophoclis
564 3420 714 3501 codices
747 3425 825 3501 duo
845 3423 1059 3528 bombycini
1079 3451 1176 3502 xxv.
1203 3424 1351 3519 saeculi,
1396 3436 1434 3500 &
1456 3425 1519 3500 alii
1545 3451 1623 3501 non

322 3549 446 3630 pauci,

376 3634 556 3742 Euripidis
577 3633 665 3714 cod.
682 3666 781 3720 x1v.
808 3631 939 3713 saeculi.
956 3631 1126 3736 Ejusdem
1145 3635 1292 3716 codices
1308 3639 1368 3713 alii
1388 3638 1483 3712 benc
1501 3640 1624 3716 multi.

375 3746 597 3849 Lycophronis
634 3742 751 3822 codex
777 3771 864 3819 cum
885 3740 1033 3819 scholiis
1053 3745 1295 3854 bombycinus
1315 3773 1413 3829 xrv.
1439 3742 1516 3823 saec.
1535 3750 1624 3824 item

322 3841 385 3918 alii
401 3844 578 3944 ejusdem.
599 3868 737 3931 Tzesze
759 3853 795 3929 in
818 3850 1116 3954 Lycophronem.

374 3950 539 4031 Theocriti
557 3958 677 4034 codex
698 3959 825 4035 bomb.
843 3986 942 4041 x1v.
966 3953 1040 4037 saec.
1060 3959 1165 4034 Alius
1181 3957 1345 4057 ejuldem
1364 3959 1491 4036 aetatis.

373 4057 501 4165 Ephest
516 4064 673 4142 Carmen
696 4065 733 4138 in
756 4061 888 4141 codice
910 4090 1068 4142 numero
1091 4096 1172 4167 430.

375 4164 511 4245 codex
531 4198 646 4251 x111.
667 4170 784 4249 saeculi
804 4174 842 4249 in
866 4197 941 4272 quo
961 4172 1141 4275 Sallustios
1162 4172 1373 4249 Platonicus
1393 4168 1440 4247 dc
1466 4170 1561 4249 Diis.

373 4274 504 4376 Moschi
519 4275 690 4380 ldyllium
700 4314 709 4357 ι
721 4287 872 4356 Simonis
881 4274 1060 4361 secutis&
1071 4285 1155 4359 Ara:
1166 4279 1334 4359 Theocriti
1343 4279 1485 4379 αυρηξε
1500 4272 1625 4383 Odys.

322 4376 382 4457 sea
403 4394 544 4461 Homeri
556 4389 616 4482 ,in
638 4414 715 4463 uno
733 4385 871 4462 codice.

374 4491 613 4598 Aristophanes
631 4497 668 4570 in
686 4488 819 4571 codice
842 4492 1068 4599 bombycino
1094 4522 1194 4579 x1v.
1211 4491 1343 4576 sacculi.
1369 4498 1464 4575 Item
1484 4494 1524 4571 in
1549 4492 1630 4569 sliu

323 4592 491 4702 ejusdem
506 4604 637 4683 aetatis.
654 4605 736 4683 Alii
755 4599 920 4707 ejusdem
936 4629 1014 4683 non
1030 4606 1149 4712 pauci

1426 4716 1464 4797 C
