4060 5700
1077 342 1422 470 ‘CapruTrrtiunn
1868 380 1912 459 35

606 480 728 586 nigri,
750 503 832 554 cum
851 477 1029 554 variarum
1051 478 1221 551 arborum
1242 476 1351 550 rantis
1372 503 1414 551 ac
1433 468 1552 573 foliis,
1569 473 1670 577 quast
1693 472 1845 553 lameilis
1866 505 1908 553 ac
1933 514 1952 539 «ι

608 586 809 664 corticibus
832 581 1111 689 superindut'fis,
1129 581 1250 658 donec
1277 580 1323 656 ad
1339 587 1489 686 planum
1503 607 1714 658 cretaceum
1735 581 1907 661 deuenia-
1932 620 1953 647 α

610 719 699 788 tur,
727 690 827 797 quod
855 699 892 768 in
913 689 1164 797 profunditate
1179 688 1317 795 pedum
1333 699 1386 768 28.
1411 694 1528 795 primo
1546 692 1781 794 conspicitur.
1820 694 1909 770 Hoc
1934 726 1954 754 ι·

607 801 674 877 ubi
695 802 846 906 operarii
869 803 1078 906 attigerint,
1095 802 1167 900 jam
1189 798 1325 894 securi,
1344 823 1386 872 ut
1409 798 1503 895 dixi,
1528 825 1576 874 ne
1593 803 1753 903 amplius
1770 798 1816 874 ab
1832 804 1909 876 uilo
1934 832 1955 862 u

608 935 711 1011 aqna
732 909 865 985 affluxu
882 907 1159 1013 perturbentur,
1171 901 1363 981 fossionem
1382 902 1521 982 summa
1538 906 1716 982 facilitate
1731 904 1776 981 ad
1791 910 1908 982 imum
1935 941 1955 968 n

608 1017 727 1119 usque
746 1019 1024 1121 prosequuntur.
1050 1016 1174 1114 Hujus
1193 1013 1288 1089 strati
1307 1015 1462 1089 cretacei
1483 1019 1600 1088 moles
1622 1043 1667 1090 11.
1685 1010 1761 1089 fere
1780 1014 1826 1090 est
1847 1043 1910 1118 pc·
1934 1047 1956 1076 ··

608 1120 722 1218 datin,
740 1124 998 1200 acidentidcm
1020 1126 1144 1197 multis
1163 1122 1401 1198 cochlearum
1421 1121 1516 1197 testis
1535 1122 1585 1197 est
1602 1117 1796 1198 refertum:
1812 1125 1911 1198 illius
1934 1156 1956 1186 κ

607 1258 700 1337 ergo
722 1231 802 1307 sinis
827 1232 879 1307 cst
910 1233 948 1306 in
972 1226 1227 1336 profunditate
1254 1227 1389 1333 pedum
1415 1261 1468 1332 39.
1498 1229 1730 1333 postmodum
1759 1230 1910 1306 stratum
1935 1263 1956 1295 ι

607 1337 713 1414 aliud
733 1340 887 1442 palustre
909 1337 1062 1415 duorum
1082 1336 1221 1443 pedum
1238 1340 1379 1414 circiter
1397 1363 1567 1442 apparet,
1587 1362 1630 1411 cx
1649 1339 1789 1436 juncis,
1803 1340 1909 1443 plan·
1935 1369 1957 1401 ο

611 1470 731 1522 tarum
756 1447 876 1531 foliis,
895 1473 936 1521 ac
954 1450 1063 1522 ramis
1083 1445 1307 1551 congestum.
1343 1444 1485 1521 Ablato
1500 1440 1521 1520 *a
1539 1443 1729 1520 fossoribus
1750 1446 1824 1522 hoc
1845 1472 1911 1550 pa·
1935 1479 1957 1509 κ

611 1553 707 1628 lustri
719 1554 849 1650 stram,
869 1552 1016 1630 stratum
1036 1550 1137 1628 aliud
1156 1579 1360 1628 cretaceum
1381 1549 1546 1651 ejusdcm
1567 1544 1644 1627 feri:
1663 1554 1773 1629 molis
1793 1580 1836 1629 ac
1852 1550 1912 1628 su·
1935 1586 1958 1616 κ

609 1664 730 1765 petius
755 1661 828 1738 sese
844 1656 973 1750 offert,
987 1663 1089 1761 cujus
1108 1662 1285 1735 terminus
1306 1660 1356 1735 cst
1374 1662 1410 1736 in
1427 1653 1681 1763 profunditate
1698 1656 1837 1765 pedum
1857 1690 1910 1763 52.
1936 1691 1958 1723 κ

610 1794 687 1868 quo
709 1768 818 1844 strato
843 1763 989 1863 effosso,
1009 1768 1126 1844 rursus
1146 1769 1295 1845 stratum
1317 1765 1417 1842 aliud
1442 1765 1660 1870 paludosum
1679 1768 1790 1871 priori
1808 1765 1911 1847 haud
1937 1800 1957 1833 r·

612 1860 780 1948 dissrrnile
800 1877 945 1971 visitur,
969 1904 1042 1981 quo
1064 1874 1206 1951 semoto
1225 1935 1237 1970 ‚
1263 1874 1383 1949 denuo
1403 1871 1505 1949 aliud
1524 1872 1675 1950 stratum
1702 1900 1911 1952 cretaceum
1937 1909 1958 1941 υ

613 1980 782 2080 ejusdem
810 2009 950 2059 natura
981 2010 1023 2058 ac
1044 1983 1256 2086 superiora,
1288 1978 1348 2056 sed
1366 1982 1517 2057 minoris
1538 1982 1648 2057 molis
1677 2008 1721 2056 ac
1747 1982 1911 2060 crassitiei
1937 2017 1960 2048 υ

612 2116 725 2191 quam
744 2091 884 2191 reliqua
902 2088 996 2186 du0,
1017 2103 1054 2169 &
1071 2087 1359 2195 superincumbit
1376 2092 1477 2164 alteri
1498 2090 1608 2166 strato
1626 2088 1788 2192 palustri,
1808 2087 1913 2194 quod
1938 2123 1958 2156 ι

612 2197 764 2273 tandem
788 2196 915 2273 desinit
941 2199 979 2273 in
998 2198 1172 2273 ultimum
1191 2194 1281 2271 illud
1302 2198 1452 2299 planum
1471 2199 1508 2272 in
1531 2225 1605 2303 quo
1623 2196 1765 2273 terebra
1784 2196 1915 2305 defigi·
1938 2231 1959 2261 a

613 2326 696 2390 tur;
720 2303 821 2407 qnod
844 2308 991 2408 planum
1011 2306 1124 2381 molle
1136 2304 1206 2399 est,
1227 2330 1339 2406 atque
1360 2303 1572 2400 arenosum,
1588 2309 1782 2407 multaque
1794 2309 1913 2411 glarca
1939 2339 1960 2368 α

611 2411 758 2485 minuta
780 2414 1025 2514 permixtum,
1045 2439 1088 2487 ac
1109 2414 1259 2487 marinis
1278 2407 1484 2513 quisquiliis
1502 2412 1704 2515 aliquando
1723 2407 1914 2487 refertum.
1939 2447 1960 2475 κ

610 2518 840 2618 Hrqusmodi
866 2546 989 2595 autem
1001 2522 1217 2624 strarificatio
1236 2519 1335 2593 hisce
1354 2520 1556 2594 intervallis
1583 2543 1659 2596 tarn
1678 2519 1769 2595 bene
1787 2519 1913 2596 distin·
1938 2554 1959 2584 a

610 2627 667 2701 da
689 2630 725 2701 in
747 2628 919 2702 omnibus
935 2630 1075 2733 puteis,
1095 2653 1169 2702 tam
1192 2630 1286 2700 intra
1302 2626 1410 2701 Urbis
1429 2627 1627 2730 pomoeria,
1646 2624 1756 2729 quam
1777 2627 1814 2703 in
1830 2625 1911 2702 sub·
1937 2661 1957 2690 e·

612 2733 760 2808 urbanis
784 2738 894 2829 loeis,
915 2734 1091 2811 constanti
1111 2732 1240 2807 ordine
1268 2756 1310 2805 ac
1331 2735 1414 2837 lege
1429 2732 1656 2810 observatur.
1939 2770 1960 2799 r·

663 2843 763 2918 Cum
787 2837 970 2944 sepissime
994 2846 1031 2916 in
1050 2864 1203 2943 magnos
1224 2840 1427 2941 plantarum
1447 2866 1596 2915 truncos
1619 2834 1798 2917 fodiendo
1819 2838 1914 2914 inci·
1939 2880 1957 2906 u

612 2945 726 3044 dant,
745 2974 785 3021 ut
808 2974 882 3022 non
901 2948 981 3024 raro
1000 2948 1091 3023 mihi
1107 2944 1227 3021 videre
1242 2948 1398 3051 contigit
1413 2981 1422 3030 ;
1437 2947 1526 3023 hinc
1543 2946 1594 3022 est
1612 2944 1712 3049 quod
1729 2944 1911 3021 interdum
1938 2984 1957 3010 e·

611 3082 684 3129 non
706 3056 826 3160 exigui
850 3054 982 3129 laboris
1005 3054 1176 3158 porcariis
1199 3051 1240 3128 fit
1262 3050 1336 3154 ipsa
1365 3054 1585 3143 terebrati0‚
1602 3052 1911 3157 quotiescumque
1938 3090 1958 3120 n

611 3163 652 3238 in
671 3161 883 3261 hujusmodi
904 3189 1054 3239 truncos
1076 3160 1215 3238 terebra
1236 3159 1445 3266 impingam
1468 3187 1727 3268 argumentum
1747 3159 1910 3257 evidens,
1936 3197 1956 3226 κ

612 3268 731 3344 solum
757 3268 848 3343 illud
876 3267 1073 3371 aliquando
1099 3268 1171 3344 aeri
1194 3261 1298 3341 fuissi:
1319 3269 1534 3370 exposrtum.
1557 3269 1762 3370 Nunquam
1785 3293 1912 3344 tamen
1936 3306 1957 3333 c·

612 3374 786 3452 arborum
807 3401 952 3450 truncos
976 3378 1010 3450 in
1031 3376 1145 3450 stratis
1165 3375 1335 3447 cretaceis
1363 3373 1553 3451 observare
1572 3377 1759 3479 contigit,
1789 3373 1910 3451 sedin
1936 3413 1956 3440 a·

612 3483 828 3586 palustribus
846 3477 1011 3580 tantiam,
1030 3485 1092 3556 vel
1114 3484 1151 3556 in
1168 3507 1212 3555 eo
1232 3480 1348 3583 spatio
1370 3480 1472 3583 quod
1489 3481 1596 3558 Urbis
1614 3478 1854 3557 fundamenta
1875 3495 1912 3562 &
1936 3519 1957 3548 α

612 3590 758 3667 stratum
784 3617 990 3666 cretaceum
1011 3592 1211 3688 interjacet.
1253 3590 1405 3663 Inventa
1433 3617 1583 3693 quoque
1605 3591 1683 3666 sunt
1709 3594 1747 3665 in
1770 3589 1911 3667 summa
1935 3628 1955 3656 κ

613 3699 748 3774 horum
769 3724 961 3799 puteorum
984 3693 1238 3799 profunditate
1252 3691 1326 3770 oss'a
1345 3724 1498 3803 magna,
1518 3700 1711 3792 carbones,
1731 3697 1845 3774 salices
1868 3726 1909 3775 ac
1935 3734 1954 3763 κ

613 3802 699 3880 ferri
722 3802 882 3879 frustula.
915 3807 1041 3879 Multa
1060 3804 1122 3879 hic
1138 3804 1264 3879 lubens
1277 3805 1436 3901 omitto,
1457 3832 1539 3907 quac
1555 3809 1685 3910 vulgus
1703 3805 1844 3883 didicat
1865 3806 1909 3879 de
1934 3841 1954 3870 κ

612 3911 719 3987 variis
742 3910 848 3985 rebus
869 3915 1044 3987 extrancis
1065 3911 1112 3986 ab
1131 3939 1231 4013 aquae
1254 3913 1392 4012 impetu
1411 3911 1555 4017 regestis
1574 3942 1618 3989 co
1641 3910 1720 4018 ipso
1746 3939 1909 4017 tempore
1933 3948 1952 3974 ι

612 4045 690 4119 quo
714 4019 873 4121 primum
896 4046 991 4121 aqua
1017 4020 1207 4121 erumpit,
1237 4044 1278 4092 ut
1299 4016 1398 4093 foliis
1427 4020 1611 4121 quercias,
1640 4022 1907 4112 castanearum,
1933 4054 1953 4083 a·

613 4128 741 4217 milio,
761 4129 878 4203 thecis
903 4122 1091 4220 fabarum,
1110 4126 1310 4227 multisque
1332 4124 1435 4209 aliis;
1465 4154 1507 4201 ea
1527 4131 1644 4204 solum
1674 4125 1802 4203 referre
1820 4153 1909 4201 con·
1933 4164 1952 4190 «ι

612 4257 760 4330 tentus,
780 4261 935 4339 quorum
953 4237 1115 4340 antoptis
1132 4229 1201 4307 esse
1221 4233 1368 4336 possim,
1386 4261 1451 4307 aut
1473 4230 1595 4312 *avitis
1620 4230 1691 4309 fide
1713 4234 1828 4338 dignis
1850 4260 1910 4306 ar-
1934 4270 1953 4297 ι

613 4345 788 4443 ceperim.
832 4347 927 4420 Hac
955 4344 1036 4419 sunt
1065 4371 1147 4445 qua
1171 4339 1217 4415 ad
1245 4337 1404 4416 fontium
1431 4343 1690 4418 Mutinensium
1720 4342 1909 4416 historiam
1934 4375 1955 4405 u

615 4448 796 4554 spedant‚
815 4464 853 4529 bc
871 4481 972 4555 quae,
990 4476 1098 4554 prout
1122 4448 1204 4523 data
1222 4449 1273 4524 cst
1293 4450 1452 4544 occaso,
1472 4450 1663 4523 observare
1685 4449 1804 4524 licuit.
1935 4485 1954 4514 a

672 4558 845 4636 AEstimat
869 4585 980 4662 porro
1000 4560 1056 4636 vir
1072 4554 1202 4636 dodus
1227 4559 1307 4635 hacc
1329 4558 1428 4636 varia
1446 4554 1551 4634 strata
1570 4558 1641 4636 alia
1669 4559 1749 4631 asiis
1770 4558 1911 4650 altiora,

1666 4665 1751 4767 Eij
