4264 5684
954 420 1089 552 Caput
1106 416 1293 555 ftxttnrn.
1732 427 1789 542 87

454 580 585 640 ionem
603 552 689 660 (stc)
712 552 873 681 Regem.
902 551 983 633 Hic
1000 552 1096 632 liber
1112 555 1160 632 lic
1179 554 1318 664 incipit
1338 587 1348 634 :
1368 549 1617 659 Gloriosiſsirno
1636 576 1677 632 ιι
1690 570 1788 633 tran·
1812 595 1835 623 a

452 667 673 781 quillissinno.
716 663 883 775 Epistola
898 665 1047 744 Paulini
1067 678 1105 748 dc
1125 666 1313 746 Therasiae
1333 663 1382 744 ad
1401 664 1683 774 Augustinum‚
1700 690 1789 771 quae
1813 704 1833 735 a

453 779 503 861 fic
519 778 671 887 incipit:
687 783 836 858 Domino
842 775 955 888 fratri
969 783 1130 857 nomino
1149 774 1195 866 όΝ
1209 778 1403 857 venerabili
1420 790 1517 887 Aeg.
1554 777 1652 857 Item
1674 774 1789 882 Epist.
1814 814 1836 843 o

456 892 494 969 8.
509 887 709 999 Augustini
734 887 780 967 ad
802 890 1027 986 Paulinum,
1049 915 1134 996 qua
1161 884 1210 965 sic
1227 888 1360 994 incipit
1375 923 1385 968 :
1400 897 1551 970 Domino
1570 883 1655 967 veri
1663 891 1790 993 sancio
1814 925 1835 953 e·

455 995 718 1090 &venerabili
745 999 908 1105 Epistola
928 997 1086 1106 August.
1109 993 1156 1075 ad
1169 997 1449 1099 Maximinum,
1466 1027 1547 1103 quae
1565 998 1613 1077 fic
1631 998 1788 1104 incipit:
1815 1034 1835 1063 κ

452 1116 605 1190 Domino
630 1109 855 1216 dolentiſsima
889 1106 934 1197 ό*
963 1105 1157 1187 honorabili
1184 1106 1296 1216 fratri
1327 1114 1532 1189 Maximino
1563 1113 1790 1219 Augustinus.
1815 1146 1836 1176 c·

459 1219 636 1329 Gregorii
654 1222 764 1328 Papae
780 1219 934 1327 epistola
957 1214 1173 1296 Secundino
1200 1219 1305 1296 servo
1324 1218 1405 1295 Dei
1426 1216 1571 1299 incluso
1591 1282 1604 1320 ‚
1630 1245 1716 1325 quoe
1742 1218 1790 1295 sic
1817 1258 1836 1285 u

455 1332 622 1436 incipit:
650 1334 861 1435 Dileeiionir
882 1352 945 1407 ιιι
964 1331 1110 1407 litteras.
1142 1329 1307 1436 Epistola
1335 1324 1448 1409 sancii
1468 1328 1594 1411 Isidori
1619 1330 1789 1438 episcopi
1816 1366 1836 1394 «ι

455 1440 765 1521 ad*Mastonem
781 1438 1022 1549 episcopum,
1035 1438 1084 1519 de
1103 1433 1297 1517 sacerdote
1314 1436 1420 1547 lapso
1438 1443 1502 1547 per
1521 1441 1790 1550 poenitentiam
1816 1476 1835 1509 o

454 1549 555 1660 poll'e
573 1547 762 1660 resurgere
782 1551 824 1631 in
845 1552 1046 1663 gratiarum
1068 1549 1203 1628 statum
1227 1548 1441 1657 pristinum:
1461 1550 1541 1630 hac
1560 1553 1614 1632 ita
1633 1551 1789 1658 incipit:
1815 1588 1836 1619 a

455 1669 617 1743 Veniente
634 1663 684 1741 ool
700 1690 762 1741 nos
775 1663 917 1771 fotmnlo
935 1664 1060 1770 νςβιι.
1099 1656 1214 1739 Liber
1233 1661 1462 1740 terradionis
1487 1663 1670 1742 librorum
1687 1668 1790 1773 Aug.
1818 1698 1838 1728 u

456 1774 495 1850 in
522 1770 661 1878 quibus
688 1773 755 1878 qui
782 1772 871 1853 libri
900 1785 939 1856 δι
962 1769 1126 1880 epistolae
1154 1771 1421 1851 contineantur
1450 1767 1550 1852 infra
1575 1774 1791 1853 scribemus.
1818 1808 1839 1838 κ

456 1883 603 1961 Contra
615 1880 870 1965 Academicus
892 1896 930 1966 δι
951 1882 998 1960 de
1009 1877 1252 1961 Academicis
1272 1883 1436 1988 primum
1453 1882 1574 1991 scripsi
1596 1880 1711 1963 libros
1728 1882 1793 1941 ²¹¹*
1817 1920 1841 1952 κ

456 1992 548 2071 Hoc
569 2018 694 2073 autem
712 2022 809 2101 opus
837 1992 887 2073 sic
904 1993 1040 2100 incipit
1064 2025 1073 2070 :
1105 2009 1131 2070 ο
1158 1996 1317 2084 ntinom,
1335 2006 1512 2086 Romane,
1531 1992 1705 2073 bominem
1721 1993 1795 2101 stoi
1819 2030 1842 2059 κ

456 2125 587 2212 aptum.
618 2106 684 2183 De
713 2103 825 2188 beata
841 2106 920 2184 vita
940 2101 1036 2182 liber
1054 2129 1151 2180 unus
1171 2137 1181 2181 :
1205 2102 1286 2181 Hic
1311 2100 1404 2181 liber
1432 2102 1481 2181 sic
1499 2104 1633 2211 incipit
1655 2136 1664 2182 :
1689 2112 1731 2182 ii
1748 2103 1800 2181 ad
1819 2138 1841 2171 ‹-

1854 1437 1872 1474 ¹⁸
1879 1439 1916 1499 nl.
1926 1440 2027 1505 Mnffo·

1854 1523 2028 1595 ncm‚Malsa-

1854 1600 2029 1673 num,Malse-

1855 1695 1922 1740 num

448 2209 668 2329 philoffiphio
681 2238 831 2326 pontum.
866 2218 932 2295 De
953 2211 1102 2295 Ordine
1120 2212 1188 2291 lib.
1208 2239 1253 2290 11.
1274 2213 1367 2292 Hoc
1383 2239 1478 2321 opus
1498 2214 1545 2293 sic
1563 2214 1721 2318 incipit:
1741 2228 1795 2290 De
1819 2250 1861 2302 «ι,

454 2326 574 2403 ordine
590 2355 702 2404 rernm
723 2323 869 2405 Zenobi.
903 2328 969 2405 De
991 2323 1211 2429 Soliloquiis
1236 2322 1371 2402 libii.
1416 2324 1507 2402 Hoc
1523 2350 1618 2428 opus
1635 2323 1682 2401 fic
1700 2322 1796 2400 inci·
1821 2359 1843 2388 n

454 2435 527 2543 pit.
556 2436 631 2515 Vol
634 2496 836 2518 ......
866 2440 932 2516 De
949 2437 1240 2515 immortalitate
1258 2433 1354 2510 liber
1369 2460 1397 2510 1.
1425 2435 1505 2513 Hic
1528 2433 1620 2512 libet
1638 2433 1684 2510 sic
1704 2434 1796 2511 inci·
1820 2467 1841 2500 o

454 2547 527 2653 pit.
557 2551 599 2624 Si
615 2547 746 2627 alicubi
764 2549 812 2651 est
828 2547 1024 2664 disciplina.
1058 2549 1123 2626 Dc
1143 2543 1312 2623 moribus
1332 2543 1730 2642 ecclesiaecatliolicae,
1756 2554 1795 2622 δι
1819 2580 1842 2610 α

456 2652 505 2735 de
522 2658 694 2738 moribus
717 2659 1029 2738 Manicbaeorum
1058 2654 1144 2736 libri
1163 2683 1209 2735 11.
1247 2655 1345 2735 Hoc
1363 2682 1459 2763 opus
1485 2656 1534 2735 sic
1554 2656 1688 2761 incipit
1711 2690 1720 2733 ι
1744 2666 1794 2729 In
1819 2687 1841 2719 e·

454 2767 539 2846 aliis
549 2767 652 2849 libris
659 2768 755 2875 stitis
772 2774 894 2883 opinor
907 2767 1008 2876 egiffe
1019 2796 1092 2846 nos.
1119 2771 1186 2847 De
1203 2767 1418 2872 quantitate
1438 2767 1571 2845 anima
1586 2764 1651 2842 lib.
1665 2799 1691 2847 1.
1715 2765 1794 2844 Hic
1820 2802 1840 2829 e·

456 2875 553 2956 liber
573 2878 622 2956 lic
640 2880 993 2998 incipitonno'orn
1007 2878 1112 2959 video
1126 2900 1160 2956 te
1174 2876 1348 2956 abundare
1367 2883 1447 2957 otio.
1480 2881 1546 2957 De
1565 2876 1701 2957 Libero
1722 2880 1790 2953 Ar:
1818 2911 1841 2942 κ

457 2988 573 3068 bitrio
592 2989 674 3070 libri
700 3019 766 3071 111.
796 2992 889 3071 Hoc
906 3016 1001 3098 opus
1021 2989 1071 3068 fic
1093 2988 1328 3096 incipit:Dio
1344 2985 1459 3078 mihi,
1476 2988 1580 3099 qnoso
1604 3009 1658 3078 te,
1679 3007 1795 3065 norom
1818 3021 1842 3052 κ

456 3115 553 3183 Dens
571 3103 700 3206 nonstt
715 3102 842 3182 author
856 3103 954 3181 moli.
988 3104 1051 3181 Dc
1072 3096 1206 3179 Genesi
1224 3095 1396 3178 adversus
1414 3098 1647 3177 Manichaei
1666 3099 1731 3174 lib.
1749 3121 1793 3173 11.
1818 3132 1841 3162 e·

456 3212 551 3291 Hoc
568 3240 662 3318 opus
679 3211 727 3291 sic
747 3214 878 3319 incipit
898 3246 906 3289 ε
930 3218 970 3288 Si
990 3216 1159 3319 eligerent
1176 3204 1361 3291 Monithoi
1382 3236 1469 3321 qnos
1488 3211 1601 3320 decepi
1630 3229 1696 3283 ent.
1730 3208 1795 3283 De
1818 3242 1842 3275 n

459 3321 649 3430 Magistro
671 3322 739 3400 lib.
757 3356 785 3404 1.
811 3325 892 3404 Hic
910 3318 1004 3400 libet
1024 3323 1072 3402 sic
1089 3324 1244 3433 incipit:
1267 3320 1383 3433 Qid
1398 3318 1465 3401 tibi
1485 3323 1649 3398 videonnr
1667 3309 1796 3423 efficere
1818 3352 1840 3386 n

458 3461 536 3511 com
553 3437 739 3543 loqnirnnr.
1818 3463 1841 3495 r·

514 3546 580 3623 De
597 3571 683 3622 vera
705 3543 906 3652 Religione
926 3544 991 3622 lib.
1007 3575 1034 3624 1.
1054 3547 1135 3625 Hic
1155 3543 1246 3623 liber
1268 3540 1316 3619 fic
1334 3538 1593 3647 incipitzcnon
1611 3544 1796 3619 oonooistoi-
1818 3572 1840 3606 n

459 3675 498 3732 te
517 3650 609 3732 bone
629 3682 668 3729 oc
685 3652 787 3732 bento
806 3660 921 3731 viam.
952 3659 1017 3733 De
1040 3659 1203 3733 utilitate
1228 3647 1408 3729 credendi
1430 3648 1525 3726 liber
1541 3677 1568 3725 1.
1601 3650 1684 3728 Hic
1702 3648 1796 3727 libet
1818 3683 1841 3715 n

459 3763 509 3842 fic
529 3766 687 3873 incipit:
706 3771 747 3841 ri
763 3764 853 3843 mihi
870 3777 1065 3853 Honorino,
1087 3794 1194 3842 onom
1210 3784 1314 3869 otpoe
1331 3761 1424 3839 idern
1444 3758 1593 3863 pidetnr
1612 3756 1690 3860 offe.
1730 3763 1796 3837 De
1817 3793 1842 3828 ι

460 3871 608 3953 duabus
625 3874 825 3954 animabus
850 3872 945 3952 liber
968 3905 996 3953 1.
1035 3875 1113 3952 Hic
1130 3872 1227 3951 liber
1251 3871 1301 3949 lic.
1320 3871 1483 3974 incipit:
1508 3873 1709 3977 opitulante
1728 3876 1797 3949 Dei
1820 3904 1842 3933 r·

460 3983 707 4091 misericordia.
750 3986 843 4063 Acta
863 4010 992 4064 contra
1007 3982 1251 4062 Fortunarum
1261 3979 1525 4059 Manicheum
1546 3978 1686 4055 liberi.
1716 3980 1796 4056 Hic
1819 4011 1843 4045 e·

462 4095 560 4173 liber
577 4098 625 4175 sic
644 4096 780 4202 incipit
799 4130 808 4172 ε
829 4102 1017 4206 Qonioon
1035 4088 1200 4204 striptnrn
1222 4092 1280 4197 ιβ.
1316 4090 1382 4167 De
1401 4087 1534 4166 Genesi
1560 4085 1608 4164 ad
1631 4089 1796 4165 litteram
1821 4123 1842 4153 e

461 4204 556 4285 liber
570 4240 599 4288 1.
620 4202 870 4316 imperfedlus.
905 4207 986 4283 Hic
1005 4204 1115 4310 igitur
1131 4200 1178 4278 sic
1194 4201 1268 4276 inci
1275 4200 1416 4306 pitzDe
1433 4195 1576 4303 obscuris
1586 4198 1796 4275 naturalium
1820 4232 1844 4264 σι

461 4344 573 4396 rerum
594 4347 665 4426 qno
684 4320 903 4431 omnipotenti
922 4335 993 4395 Deo
1012 4315 1142 4417 artifice
1150 4314 1251 4423 sotii
1260 4305 1458 4415 sentimus,
1484 4334 1553 4385 non
1578 4300 1795 4413 affirmando,
1821 4340 1843 4374 a

448 4421 524 4536 sed
540 4429 716 4536 querendo
742 4426 959 4505 troilondnon
978 4424 1033 4526 ιβ.
1080 4423 1145 4498 Dr
1164 4421 1335 4499 l'criiionc
1355 4419 1517 4497 Domini
1543 4418 1582 4495 in
1606 4441 1735 4493 monte
1754 4417 1797 4494 li·
1821 4451 1844 4483 c·

462 4536 519 4616 bri
540 4567 585 4617 11.
623 4538 717 4614 Hoc
735 4562 831 4643 opus
845 4535 892 4614 sic
905 4533 1039 4637 incipit
1052 4565 1061 4608 ε
1074 4545 1268 4609 Sermonem
1285 4557 1385 4639 poem
1404 4534 1533 4610 locntns
1551 4529 1798 4633 estDorninns.
1822 4561 1845 4597 n

522 4648 691 4726 Psalmus
712 4703 960 4728 .......
990 4667 1133 4748 pitreni
1153 4642 1300 4721 Donati
1318 4639 1383 4717 lib.
1408 4669 1438 4720 i.
1472 4639 1541 4718 Iste
1558 4635 1722 4745 psalmus
1749 4634 1798 4714 fic
1821 4669 1843 4705 a

464 4755 601 4868 incipit
623 4792 633 4840 :
654 4761 861 4867 omnesqui
877 4753 1037 4866 gaudetis
1061 4755 1103 4836 de
1116 4777 1220 4864 pate,
1241 4749 1381 4836 modern
1405 4759 1486 4834 vrri
1501 4750 1685 4873 judicate,
1706 4747 1844 4860 quodi·
