4060 5700
165 448 193 518 6
619 424 800 515 Diarium
829 413 1013 511 Italicum.

161 552 365 636 vocabalum
382 553 426 632 ln
449 576 517 661 qua
536 550 674 630 deorum
700 557 903 659 dearumque
924 554 1042 630 halitu
1061 550 1257 656 distubmffl
1283 555 1471 654 convivas,

164 661 209 750 ά
226 662 395 773 ipfhmpro
414 663 574 771 Apolline
593 686 756 740 ornatum.
775 668 959 766 Erantquc
979 647 1178 743 duodecim
1191 663 1342 744 deorum
1358 667 1472 744 nomi·

166 795 214 846 na
236 796 282 848 ex
303 772 434 849 Ennio.

310 952 428 1037 June,
445 939 559 1039 Vesta,
575 940 759 1027 Minerva,
775 951 893 1028 ceres,
912 942 1045 1024 Diana,
1068 952 1200 1028 Venus,
1214 954 1324 1037 Mars,

315 1052 521 1134 Mercurius,
534 1052 663 1148 Juniis,
681 1058 886 1153 Neptunus,
905 1052 1094 1132 Vulcanus,
1111 1052 1242 1156 Apollo.

222 1195 455 1302 Quadratam
474 1224 628 1307 quoque
648 1197 826 1299 domum,
844 1226 885 1277 ut
905 1227 1067 1298 vocant,
1085 1202 1230 1280 visimus
1251 1265 1261 1300 ,
1286 1204 1332 1281 ab
1352 1206 1473 1314 Impe-

174 1328 292 1381 ratore
302 1304 514 1401 Hadriam,
535 1335 578 1385 ut
587 1309 709 1403 aiunt,
723 1310 761 1383 in
773 1307 955 1385 honorem
969 1312 1124 1388 Plotina:
1138 1311 1310 1416 Augustae
1320 1316 1473 1414 Trajani

175 1414 294 1488 uxoris
314 1414 565 1492 conlimitans.
586 1416 787 1519 Templum
806 1442 915 1521 opere
933 1418 1108 1523 eleganti,
1122 1417 1307 1492 columnis
1324 1415 1412 1496 scite
1434 1434 1475 1501 bc

175 1513 310 1595 affabri
330 1522 520 1598 elaboratis
539 1546 707 1599 ornatum
725 1519 891 1629 undique
911 1557 919 1600 :
939 1524 1029 1600 nihil
1047 1525 1263 1600 concinnius
1280 1526 1473 1630 capitellis.

175 1621 406 1729 Acceditque
422 1627 616 1707 aedificium
630 1624 679 1706 ad
697 1629 912 1737 genusillud
927 1630 1028 1737 quod
1041 1627 1356 1735 Pseudodipteron
1366 1659 1476 1709 voca·

177 1731 266 1809 bant
284 1795 295 1830 ,
313 1736 406 1810 olim
423 1738 553 1815 Roma:
575 1733 904 1839 frequentissimum
924 1800 935 1834 ‚
958 1735 1018 1815 sed
1036 1735 1243 1843 paucissrma
1262 1734 1478 1837 hujusmodi

176 1838 360 1944 supersunt
379 1841 503 1921 hodie.
533 1844 719 1951 Dipteron
740 1846 925 1924 vocabant
948 1847 1151 1949 Templum
1171 1841 1315 1922 duobus
1333 1850 1479 1923 colum·

174 1974 305 2024 narum
317 1946 507 2027 ordinibus
517 1953 555 2027 in
574 1954 754 2029 exteriore
763 1955 906 2032 ambitu
920 1953 1126 2032 instructum
1139 1975 1204 2049 ,ut
1218 1952 1283 2028 alae
1302 1951 1477 2029 binaesrve

176 2056 339 2158 porticus
356 2059 646 2162 circumquaque
664 2055 787 2141 essent.
810 2057 990 2140 Pseudodi
995 2087 1125 2166 pteron
1145 2083 1270 2135 autem
1284 2060 1479 2137 inventum

176 2162 448 2271 Hermogenis,
470 2161 614 2243 sublato
629 2166 798 2244 interiore
808 2171 1064 2244 columnarum
1074 2164 1226 2263 ordine,
1244 2165 1316 2242 uni
1336 2167 1480 2269 porticu

176 2272 337 2367 circum,
355 2268 415 2347 sed
435 2276 635 2377 ampliore,
656 2270 852 2379 gaudebat.
874 2277 916 2352 In
936 2275 1008 2351 hoc
1028 2276 1109 2352 sane
1119 2276 1279 2376 Templo
1298 2275 1480 2351 columna:

175 2376 214 2451 in
234 2372 463 2484 frontispicio
489 2378 650 2485 porticbs
680 2408 781 2458 more
801 2386 1025 2462 concinnatas
1048 2378 1126 2456 sunt
1145 2417 1154 2465 ;
1171 2404 1209 2454 at
1227 2380 1264 2454 in
1286 2381 1475 2479 lateribus,

176 2483 326 2587 perinde
345 2509 455 2590 atque
471 2488 508 2565 in
521 2486 675 2565 Ecclefia
688 2489 723 2564 S.
737 2489 867 2566 Mariae
878 2491 1106 2596 AEgyptiacae
1118 2489 1260 2576 Romae,
1272 2481 1396 2561 media
1414 2484 1473 2563 so-

175 2589 250 2667 lum
269 2617 368 2696 parte
386 2591 407 2670 ὲ
422 2621 525 2670 muro
544 2597 779 2699 prominent,
800 2624 876 2698 quo
896 2596 937 2672 lit
960 2620 1002 2672 ut
1021 2591 1336 2697 Pseudodipteron
1353 2593 1478 2669 vocari

174 2724 250 2774 non
269 2726 390 2801 queat.
410 2700 628 2781 AEdificium
645 2707 768 2810 paucis
789 2703 873 2782 hinc
893 2705 996 2779 annis
1016 2696 1224 2780 concessum
1244 2698 1477 2806 Augustinia·

174 2806 228 2880 nis
249 2802 335 2884 fuit.

217 2914 281 2988 De
301 2913 432 2990 Arenis
453 2913 526 2993 five
544 2919 620 2994 Am
649 2915 961 2994 hitbeatromulta
981 2910 1178 2992 dictasunt.
1201 2913 1361 2990 Nullum
1380 2911 1477 2991 vidi-

175 3045 257 3097 mus
278 3043 352 3097 tam
365 3025 572 3128 integrum
592 2943 719 3125 elique
730 3024 910 3101 columnis
929 3034 967 3102 be
980 3019 1196 3127 anaglyphis
1206 3045 1388 3098 ornatum.
1401 3023 1479 3097 Im·

177 3149 360 3230 penatum
376 3155 499 3206 autem
518 3128 539 3207 *a
558 3128 820 3208 cousuetudine
838 3127 912 3207 fuit
925 3152 966 3204 ut
984 3124 1003 3202 Ξ
1022 3153 1144 3231 parte,
1163 3124 1476 3231 scilieeti‘campo

176 3235 349 3311 interiore
377 3284 390 3333 ,v
417 3238 482 3341 qui
505 3262 611 3314 arene
631 3237 983 3334 vocabatur,tontm
1011 3233 1339 3339 Amphitheatrum
1363 3259 1478 3312 arenae

177 3339 333 3419 audiret.
360 3347 491 3421 Arenae
511 3368 620 3449 porro
638 3369 778 3420 nomen
807 3370 939 3447 campo
961 3339 1233 3442 inditum‚quia
1261 3341 1370 3417 arenas
1392 3365 1478 3416 ante

177 3445 480 3557 ludos&pugnas
493 3447 810 3557 conspergebatur.
826 3450 885 3526 Sic
905 3447 1237 3551 quidam25uliade
1259 3453 1481 3525 intraverunt

177 3554 242 3631 duo
264 3555 439 3665 AEtliopes
460 3557 611 3665 capillati
631 3584 707 3633 cum
717 3556 851 3664 pustllis
875 3555 1035 3645 unibus,
1061 3558 1177 3660 quales
1183 3551 1304 3659 solent
1328 3551 1390 3654 effe
1407 3557 1473 3659 qui

173 3688 309 3735 arenam
324 3669 362 3739 in
379 3663 812 3778 Amphitheatrospegunt.

217 3771 259 3846 In
270 3766 461 3873 supercilio
473 3772 710 3850 montisUrbi
720 3767 1117 3848 imminentiscsttutris
1126 3770 1363 3875 perantiqua,
1385 3774 1470 3843 Tur·

171 3881 243 3953 rim
255 3901 412 3980 magnum
422 3879 712 3963 vocantincolae;
724 3905 838 3982 quam
848 3877 910 3953 alii
921 3875 1073 3980 pharum
1084 3871 1202 3969 fnisse,
1214 3877 1301 3980 quia
1313 3872 1401 3951 inde
1413 3870 1467 3951 fa-

172 3983 254 4060 cilis
264 3979 614 4087 prospelltusrnari55
632 3988 691 4062 alii
703 3987 867 4066 aetarium
881 3982 1031 4060 dicunt:
1051 4010 1089 4061 at
1101 3982 1302 4088 sepulerum
1324 3981 1474 4060 :estima-

172 4089 256 4185 rim,
269 4091 391 4192 qualia
403 4084 571 4195 proxime
583 4091 691 4168 urbes
707 4094 799 4168 olim
810 4091 1073 4173 excitabantur.
1093 4088 1244 4194 Sparsrm
1263 4115 1325 4195 per
1343 4088 1474 4164 urbem

172 4200 305 4300 aquilae
318 4200 463 4300 praeciso
482 4198 776 4305 capitevisuntur
795 4236 805 4284 ς
826 4196 1051 4302 traduntque
1062 4197 1225 4274 Gotthos
1238 4222 1326 4274 cum
1346 4197 1472 4273 inOc-

173 4305 348 4380 citaniam
370 4306 608 4411 irruptionem
634 4301 859 4385 fecissent&
886 4304 1113 4382 Nemausum
1138 4301 1343 4409 cepissent,
1373 4296 1474 4379 aliud

173 4413 263 4489 nihil
275 4410 386 4489 cladis
404 4410 560 4490 intuliss'e
570 4415 667 4506 urbi,
680 4442 789 4518 quam
801 4412 902 4515 qnod
914 4413 1096 4521 infignum
1108 4411 1241 4489 devini
1254 4410 1379 4517 populi
1394 4413 1471 4485 {to-

176 4520 296 4616 mani,
315 4521 454 4622 aquilas
475 4524 596 4625 capite
613 4524 839 4612 minuerent,
859 4522 950 4624 quia
970 4522 1103 4629 insigne
1122 4543 1196 4597 erat
1212 4519 1472 4595 Romanorum

175 4626 508 4709 olimdomitorum
519 4628 630 4709 orbis.
642 4627 1013 4737 Antiquissrmaeurbis
1025 4628 1213 4709 historiam
1221 4652 1334 4735 parat.
1345 4630 1395 4707 V.
1406 4623 1470 4702 cl.
