4060 5700
1052 412 1088 502 P
1121 415 1158 503 R
1188 416 1245 506 AE
1275 414 1310 500 F
1343 413 1381 499 A
1408 413 1447 499 T
1474 415 1502 502 Ι
1527 421 1573 505 0.

653 581 784 674 ram,
814 540 1046 646 sedetiam
1068 530 1353 641 Calabrenses
1378 550 1424 635 &
1446 537 1696 642 Sicilianas:
1720 576 1826 646 nam
1848 556 1898 647 iis
1919 560 1966 651 in

650 679 843 823 partibus
856 673 1058 777 festivam
1071 676 1276 774 codicum
1290 682 1544 773 Graecotum
1554 671 1760 814 superesse
1774 698 1968 822 copiam,

650 853 746 919 non
768 844 945 915 rumore
966 822 1150 936 nuntio,
1175 806 1248 908 sed
1269 841 1444 909 narratu
1464 816 1760 950 complurium
1786 820 1875 920 fide
1904 829 1967 924 di·

649 989 844 1093 gnorum
866 962 1030 1088 accepi.
1068 959 1123 1048 Iis
1139 956 1260 1045 enim
1278 956 1326 1046 in
1343 946 1448 1045 locis
1471 986 1574 1049 cum
1598 964 1770 1051 nonita
1792 963 1963 1093 pridem

653 1099 813 1189 Graece
836 1091 994 1225 linguae
1015 1084 1109 1186 usus
1134 1083 1400 1206 obtinuerit,
1426 1082 1620 1187 obsoleti
1641 1092 1825 1192 tandem
1848 1095 1965 1233 ipsi,

648 1224 749 1325 libri
765 1227 898 1325 multi
920 1234 1059 1324 Graeci
1080 1216 1363 1359 manuscripti
1394 1232 1439 1320 in
1466 1225 1792 1326 cenobiorum
1810 1236 1963 1332 Eccle.

647 1357 901 1500 fiarumque
926 1357 1204 1461 bibliothecis
1230 1355 1448 1492 supersunt
1465 1357 1749 1488 inobservati,
1781 1377 1962 1475 intasli:

648 1499 737 1600 Sed
765 1504 987 1634 insperatis
1016 1493 1399 1596 neceffitudinibus
1420 1496 1695 1636 negotiisque
1716 1506 1964 1642 interpella.

645 1668 751 1754 tus,
783 1629 1018 1733 confilium
1055 1627 1169 1730 misr.
1211 1643 1271 1732 lit
1297 1665 1449 1730 tamen
1476 1671 1619 1770 operae
1648 1650 1833 1770 pretium
1857 1643 1963 1740 esset

644 1772 745 1869 istas
762 1780 808 1869 in
823 1803 968 1907 partes
986 1768 1249 1906 explorandi
1272 1765 1396 1867 causa
1422 1773 1809 1877 concederernarn
1831 1788 1878 1875 in
1898 1818 1963 1875 re.

642 1921 776 2005 motis
795 1907 1011 2008 Calabriae
1035 1925 1078 2004 ὃ(
1098 1943 1125 2003 a
1144 1916 1215 2004 via
1240 1903 1582 2041 publica'diffitis
1605 1909 1711 2006 locis
1729 1913 1855 2011 multi
1883 1949 1960 2011 co.

644 2042 789 2168 dices,
807 2078 855 2141 ut
874 2075 1155 2178 compertum
1169 2039 1329 2163 habui,
1349 2077 1451 2138 curn
1469 2041 1616 2140 blattis
1640 2058 1820 2144 &tineis
1848 2088 1956 2149 con·

644 2210 844 2301 certant,
867 2190 914 2277 in
937 2173 1118 2316 diesque
1140 2211 1351 2312 pereunt,
1380 2210 1515 2312 atque
1544 2177 1778 2313 prophanis
1813 2181 1956 2289 usibus

641 2313 828 2452 indigne
851 2310 1150 2415 absumuntur.
1189 2321 1271 2414 Per
1294 2322 1561 2416 Venetianas
1587 2327 1693 2411 item
1715 2356 1858 2417 moras
1884 2324 1957 2423 sti.

642 2451 841 2550 mulante
864 2452 1218 2587 cohortanteque
1244 2460 1467 2594 {minent
1485 2451 1712 2551 Ca'rdinali
1736 2455 1957 2583 d'Etre'es‚

639 2585 883 2685 litterarum
905 2585 1075 2686 bonam
1163 2623 1216 2683 ue
1239 2593 1400 2683 artium
1423 2621 1640 2720 patron0,
1654 2588 1713 2684 ad
1731 2628 1828 2690 oras
1852 2597 1956 2694 Dal-

638 2733 781 2823 matiae
804 2741 848 2821 &
874 2621 1167 2860 Peloponrsdsr
1181 2730 1380 2846 trajicere
1397 2723 1621 2857 parabam.
1666 2738 1778 2826 Non
1798 2734 1952 2862 procul

637 2870 759 2957 enim
781 2859 1005 2991 Epidauro
1032 2860 1355 2958 Monasterium
1379 2869 1633 2959 Graecorum
1653 2862 1775 2961 adest
1790 2874 1951 2968 Graecis

637 2992 867 3095 codicibus
886 2990 1124 3098 refertum:
1152 3005 1201 3091 in
1225 3003 1352 3090 variis
1382 3004 1488 3093 item
1522 2995 1814 3135 Peloponnesi
1843 3005 1949 3103 locis

636 3132 814 3232 codices
833 3142 1080 3230 etiamnum
1099 3127 1343 3248 habentur,
1366 3167 1479 3269 quos
1505 3132 1577 3230 vili
1611 3171 1757 3231 emere
1778 3173 1804 3232 a
1829 3147 1948 3238 Gra.

636 3276 695 3365 cis
713 3276 759 3366 in
783 3262 1036 3366 sordiditate
1057 3302 1108 3366 ac
1128 3277 1311 3403 penuria
1331 3267 1588 3402 degentibus
1610 3280 1656 3367 in
1679 3308 1858 3407 promtu
1880 3275 1948 3378 sit.

621 3410 697 3504 'At
721 3438 868 3503 retum
892 3405 1140 3503 Italicarum
1166 3435 1337 3500 turnore
1350 3481 1365 3525 ,
1390 3406 1759 3542 tumultuariaque
1776 3442 1949 3547 tempo.

634 3573 735 3636 rum
767 3542 1027 3639 conditione
1056 3551 1322 3676 interceptus
1356 3538 1649 3679 avocatusque
1688 3581 1713 3640 a
1747 3546 1949 3685 proposi.

635 3684 700 3771 tio
716 3670 793 3773 fui.

699 3807 1004 3945 lnscriptiones
1022 3807 1137 3908 bene
1150 3808 1307 3909 multas
1325 3820 1519 3923 Graecas,
1545 3821 1722 3915 Latinas
1746 3820 1818 3918 bic
1843 3831 1948 3922 item

634 3959 914 4085 comperies,
951 3984 1048 4085 quae
1070 3983 1168 4080 pars
1186 3984 1350 4085 magna
1373 3950 1547 4046 ineditae
1568 3949 1697 4079 sunt,
1732 3957 1823 4052 aliae
1855 3973 1952 4094 qui·

633 4081 739 4181 detn
757 4084 913 4204 editae,
933 4079 1008 4182 sed
1031 4094 1144 4181 vitiis
1168 4079 1383 4218 respersae;
1405 4121 1452 4183 ut
1475 4121 1499 4180 e
1525 4122 1571 4183 re
1596 4084 1726 4187 fuerit
1749 4089 1857 4226 ipsas
1875 4134 1949 4193 ca-

629 4216 1180 4355 stigatasemacularasque
1208 4215 1415 4355 proferre.
1447 4224 1598 4321 Multo
1615 4228 1755 4358 plures
1768 4240 1813 4324 in
1826 4224 1944 4327 sche-

625 4350 697 4451 dis
720 4368 830 4454 meis
846 4352 1098 4491 supersunt,
1115 4395 1140 4453 a
1163 4392 1235 4453 me
1254 4368 1381 4455 variis
1393 4369 1439 4454 in
1453 4357 1560 4457 locis
1576 4359 1838 4501 urbibusque
1857 4406 1949 4464 eru-

623 4516 680 4586 tae
691 4572 707 4616 ‚
725 4529 824 4630 quae
842 4492 913 4624 vel
934 4494 1199 4620 anecdota,
1225 4495 1293 4593 vel
1314 4491 1346 4592 si
1369 4492 1532 4631 publici
1556 4511 1654 4627 juris
1681 4496 1792 4615 sint,
1818 4503 1949 4636 pluri.

624 4636 768 4729 misin
781 4632 890 4733 locis
904 4624 1081 4732 foedatae
1091 4626 1464 4773 deformataeque}
1477 4672 1528 4733 cu
1532 4634 1720 4764 jusmodi
1735 4675 1826 4734 non
1841 4680 1948 4777 pau.
