<?xml version="1.0" encoding="UTF-8"?>
<!DOCTYPE html PUBLIC "-//W3C//DTD XHTML 1.0 Transitional//EN"
    "http://www.w3.org/TR/xhtml1/DTD/xhtml1-transitional.dtd">
<html xmlns="http://www.w3.org/1999/xhtml" xml:lang="en" lang="en">
 <head>
  <title>
</title>
<meta http-equiv="Content-Type" content="text/html;charset=utf-8" />
  <meta name='ocr-system' content='tesseract 3.04.00' />
  <meta name='ocr-capabilities' content='ocr_page ocr_carea ocr_par ocr_line ocrx_word'/>
</head>
<body>
  <div class='ocr_page' id='page_1' title='image "./diariumitalicum00montgoog_0184.png"; bbox 0 0 4264 5684; ppageno 0'>
   <div class='ocr_carea' id='block_1_1' title="bbox 591 414 2005 4628">
    <p class='ocr_par' dir='ltr' id='par_1_1' title="bbox 632 414 2005 746">
     <span class='ocr_line' id='line_1_1' title="bbox 1130 414 1886 495; baseline 0.001 -1"><span class='ocrx_word' id='word_1_1' title='bbox 1130 414 1182 494; x_wconf 81' lang='lat' dir='ltr'>Ca</span> <span class='ocrx_word' id='word_1_2' title='bbox 1209 429 1254 491; x_wconf 84' lang='lat' dir='ltr'>ut</span> <span class='ocrx_word' id='word_1_3' title='bbox 1276 428 1432 493; x_wconf 81' lang='lat' dir='ltr'>nonum.</span> <span class='ocrx_word' id='word_1_4' title='bbox 1870 442 1886 495; x_wconf 88' lang='lat' dir='ltr'>r</span> 
     </span>
     <span class='ocr_line' id='line_1_2' title="bbox 635 427 2005 636; baseline 0.004 -32"><span class='ocrx_word' id='word_1_5' title='bbox 635 550 769 607; x_wconf 83' lang='lat' dir='ltr'>mento</span> <span class='ocrx_word' id='word_1_6' title='bbox 789 522 892 604; x_wconf 88' lang='lat' dir='ltr'>aliud</span> <span class='ocrx_word' id='word_1_7' title='bbox 911 516 972 603; x_wconf 88' lang='lat' dir='ltr'>sex</span> <span class='ocrx_word' id='word_1_8' title='bbox 999 519 1133 632; x_wconf 82' lang='lat' dir='ltr'>palmis</span> <span class='ocrx_word' id='word_1_9' title='bbox 1160 427 1342 606; x_wconf 67' lang='lat' dir='ltr'>sirnrfius</span> <span class='ocrx_word' id='word_1_10' title='bbox 1368 523 1714 636; x_wconf 84' lang='lat' dir='ltr'>deprehenderunt.</span> <span class='ocrx_word' id='word_1_11' title='bbox 1735 528 1821 609; x_wconf 81' lang='lat' dir='ltr'>Fuit</span> <span class='ocrx_word' id='word_1_12' title='bbox 1843 443 1934 609; x_wconf 64' lang='lat' dir='ltr'>sarii</span> <span class='ocrx_word' id='word_1_13' title='bbox 1954 551 1979 590; x_wconf 63' lang='lat' dir='ltr'>&lt;t</span> <span class='ocrx_word' id='word_1_14' title='bbox 2003 579 2005 582; x_wconf 21' lang='grc' dir='ltr'><strong><em>ι</em></strong></span> 
     </span>
     <span class='ocr_line' id='line_1_3' title="bbox 632 633 1976 746; baseline 0.002 -34"><span class='ocrx_word' id='word_1_15' title='bbox 632 634 836 714; x_wconf 70' lang='lat' dir='ltr'>adriicium</span> <span class='ocrx_word' id='word_1_16' title='bbox 854 633 1142 740; x_wconf 81' lang='lat' dir='ltr'>antiquiffinrum</span> <span class='ocrx_word' id='word_1_17' title='bbox 1161 634 1508 746; x_wconf 81' lang='lat' dir='ltr'>nobilissimumque.</span> <span class='ocrx_word' id='word_1_18' title='bbox 1951 658 1976 698; x_wconf 64' lang='lat' dir='ltr'>‘t</span> 
     </span>
    </p>

    <p class='ocr_par' dir='ltr' id='par_1_2' title="bbox 624 738 1928 1473">
     <span class='ocr_line' id='line_1_4' title="bbox 696 738 1926 854; baseline 0.004 -31"><span class='ocrx_word' id='word_1_19' title='bbox 696 745 796 824; x_wconf 87' lang='lat' dir='ltr'>Cum</span> <span class='ocrx_word' id='word_1_20' title='bbox 813 745 866 820; x_wconf 85' lang='lat' dir='ltr'>ait</span> <span class='ocrx_word' id='word_1_21' title='bbox 882 738 1083 820; x_wconf 85' lang='lat' dir='ltr'>Flaminius</span> <span class='ocrx_word' id='word_1_22' title='bbox 1102 747 1314 854; x_wconf 69' lang='lat' dir='ltr'>conjeclare</span> <span class='ocrx_word' id='word_1_23' title='bbox 1332 738 1368 824; x_wconf 90' lang='lat' dir='ltr'>se</span> <span class='ocrx_word' id='word_1_24' title='bbox 1388 742 1680 826; x_wconf 85' lang='lat' dir='ltr'>Constantinum</span> <span class='ocrx_word' id='word_1_25' title='bbox 1696 742 1795 826; x_wconf 85' lang='lat' dir='ltr'>istius</span> <span class='ocrx_word' id='word_1_26' title='bbox 1812 745 1926 828; x_wconf 75' lang='lat' dir='ltr'>adifi-</span> 
     </span>
     <span class='ocr_line' id='line_1_5' title="bbox 628 844 1928 967; baseline 0.008 -38"><span class='ocrx_word' id='word_1_27' title='bbox 628 853 678 929; x_wconf 89' lang='lat' dir='ltr'>cii</span> <span class='ocrx_word' id='word_1_28' title='bbox 697 849 954 932; x_wconf 84' lang='lat' dir='ltr'>fundamentis</span> <span class='ocrx_word' id='word_1_29' title='bbox 963 844 1089 953; x_wconf 86' lang='lat' dir='ltr'>usum,</span> <span class='ocrx_word' id='word_1_30' title='bbox 1107 858 1195 965; x_wconf 91' lang='lat' dir='ltr'>quia</span> <span class='ocrx_word' id='word_1_31' title='bbox 1202 859 1267 964; x_wconf 88' lang='lat' dir='ltr'>qui</span> <span class='ocrx_word' id='word_1_32' title='bbox 1283 849 1445 965; x_wconf 88' lang='lat' dir='ltr'>superest</span> <span class='ocrx_word' id='word_1_33' title='bbox 1453 882 1581 934; x_wconf 87' lang='lat' dir='ltr'>murus</span> <span class='ocrx_word' id='word_1_34' title='bbox 1598 858 1928 967; x_wconf 85' lang='lat' dir='ltr'>gnomonicecum</span> 
     </span>
     <span class='ocr_line' id='line_1_6' title="bbox 628 957 1925 1073; baseline 0.005 -36"><span class='ocrx_word' id='word_1_35' title='bbox 628 986 740 1038; x_wconf 85' lang='lat' dir='ltr'>muro</span> <span class='ocrx_word' id='word_1_36' title='bbox 755 957 926 1042; x_wconf 74' lang='lat' dir='ltr'>Ecclesia</span> <span class='ocrx_word' id='word_1_37' title='bbox 941 962 1116 1070; x_wconf 86' lang='lat' dir='ltr'>procedit</span> <span class='ocrx_word' id='word_1_38' title='bbox 1136 1007 1147 1066; x_wconf 80' lang='lat'>5</span> <span class='ocrx_word' id='word_1_39' title='bbox 1166 961 1207 1042; x_wconf 94' lang='lat' dir='ltr'>id</span> <span class='ocrx_word' id='word_1_40' title='bbox 1222 962 1296 1064; x_wconf 87' lang='lat' dir='ltr'>est,</span> <span class='ocrx_word' id='word_1_41' title='bbox 1316 960 1496 1073; x_wconf 79' lang='lat' dir='ltr'>angulum</span> <span class='ocrx_word' id='word_1_42' title='bbox 1514 992 1601 1043; x_wconf 88' lang='lat' dir='ltr'>curn</span> <span class='ocrx_word' id='word_1_43' title='bbox 1611 991 1658 1045; x_wconf 94' lang='lat' dir='ltr'>eo</span> <span class='ocrx_word' id='word_1_44' title='bbox 1669 967 1812 1045; x_wconf 67' lang='lat' dir='ltr'>redium</span> <span class='ocrx_word' id='word_1_45' title='bbox 1832 992 1925 1044; x_wconf 90' lang='lat' dir='ltr'>con.</span> 
     </span>
     <span class='ocr_line' id='line_1_7' title="bbox 628 1065 1922 1185; baseline 0.006 -39"><span class='ocrx_word' id='word_1_46' title='bbox 628 1065 708 1147; x_wconf 85' lang='lat' dir='ltr'>ficit</span> <span class='ocrx_word' id='word_1_47' title='bbox 728 1112 739 1172; x_wconf 78' lang='lat'><em>3</em></span> <span class='ocrx_word' id='word_1_48' title='bbox 756 1066 933 1179; x_wconf 84' lang='lat' dir='ltr'>intelligit</span> <span class='ocrx_word' id='word_1_49' title='bbox 950 1067 1149 1149; x_wconf 86' lang='lat' dir='ltr'>aedilicium</span> <span class='ocrx_word' id='word_1_50' title='bbox 1167 1069 1261 1151; x_wconf 92' lang='lat' dir='ltr'>illud</span> <span class='ocrx_word' id='word_1_51' title='bbox 1277 1075 1464 1180; x_wconf 88' lang='lat' dir='ltr'>antiquius</span> <span class='ocrx_word' id='word_1_52' title='bbox 1480 1088 1617 1181; x_wconf 75' lang='lat' dir='ltr'>parens</span> <span class='ocrx_word' id='word_1_53' title='bbox 1630 1072 1811 1185; x_wconf 79' lang='lat' dir='ltr'>angulum</span> <span class='ocrx_word' id='word_1_54' title='bbox 1830 1071 1922 1154; x_wconf 87' lang='lat' dir='ltr'>effe.</span> 
     </span>
     <span class='ocr_line' id='line_1_8' title="bbox 630 1172 1922 1284; baseline 0.008 -31"><span class='ocrx_word' id='word_1_55' title='bbox 630 1172 734 1278; x_wconf 82' lang='lat' dir='ltr'>cisse,</span> <span class='ocrx_word' id='word_1_56' title='bbox 749 1203 943 1284; x_wconf 89' lang='lat' dir='ltr'>unumque</span> <span class='ocrx_word' id='word_1_57' title='bbox 958 1175 1054 1256; x_wconf 88' lang='lat' dir='ltr'>latus</span> <span class='ocrx_word' id='word_1_58' title='bbox 1071 1204 1118 1256; x_wconf 85' lang='lat' dir='ltr'>an</span> <span class='ocrx_word' id='word_1_59' title='bbox 1186 1182 1199 1256; x_wconf 94' lang='lat' dir='ltr'>i</span> <span class='ocrx_word' id='word_1_60' title='bbox 1224 1208 1312 1258; x_wconf 89' lang='lat' dir='ltr'>curn</span> <span class='ocrx_word' id='word_1_61' title='bbox 1338 1208 1447 1258; x_wconf 91' lang='lat' dir='ltr'>muro</span> <span class='ocrx_word' id='word_1_62' title='bbox 1466 1179 1636 1260; x_wconf 81' lang='lat' dir='ltr'>Ecclefiae</span> <span class='ocrx_word' id='word_1_63' title='bbox 1658 1188 1922 1263; x_wconf 88' lang='lat' dir='ltr'>continuatum</span> 
     </span>
     <span class='ocr_line' id='line_1_9' title="bbox 625 1279 1919 1395; baseline 0.007 -33"><span class='ocrx_word' id='word_1_64' title='bbox 625 1279 720 1387; x_wconf 85' lang='lat' dir='ltr'>elle,</span> <span class='ocrx_word' id='word_1_65' title='bbox 749 1310 794 1366; x_wconf 89' lang='lat' dir='ltr'>ac</span> <span class='ocrx_word' id='word_1_66' title='bbox 811 1281 1085 1395; x_wconf 80' lang='lat' dir='ltr'>consequenter</span> <span class='ocrx_word' id='word_1_67' title='bbox 1141 1286 1206 1367; x_wconf 93' lang='lat' dir='ltr'>iud</span> <span class='ocrx_word' id='word_1_68' title='bbox 1223 1286 1321 1370; x_wconf 86' lang='lat' dir='ltr'>latus</span> <span class='ocrx_word' id='word_1_69' title='bbox 1335 1292 1435 1369; x_wconf 89' lang='lat' dir='ltr'>intra</span> <span class='ocrx_word' id='word_1_70' title='bbox 1450 1288 1654 1371; x_wconf 78' lang='lat' dir='ltr'>Ecclesiam</span> <span class='ocrx_word' id='word_1_71' title='bbox 1672 1285 1919 1371; x_wconf 86' lang='lat' dir='ltr'>transversum</span> 
     </span>
     <span class='ocr_line' id='line_1_10' title="bbox 624 1417 697 1473; baseline 0.014 -2"><span class='ocrx_word' id='word_1_72' title='bbox 624 1417 650 1471; x_wconf 84' lang='lat' dir='ltr'>a</span> <span class='ocrx_word' id='word_1_73' title='bbox 676 1421 697 1473; x_wconf 91' lang='lat'>1.</span> 
     </span>
    </p>

    <p class='ocr_par' dir='ltr' id='par_1_3' title="bbox 623 1419 1917 1834">
     <span class='ocr_line' id='line_1_11' title="bbox 649 1419 1917 1618; baseline 0.005 -35"><span class='ocrx_word' id='word_1_74' title='bbox 649 1419 882 1585; x_wconf 78' lang='lat' dir='ltr'>gBasilicam</span> <span class='ocrx_word' id='word_1_75' title='bbox 897 1504 1074 1589; x_wconf 86' lang='lat' dir='ltr'>eamdem</span> <span class='ocrx_word' id='word_1_76' title='bbox 1094 1532 1196 1586; x_wconf 85' lang='lat' dir='ltr'>anno</span> <span class='ocrx_word' id='word_1_77' title='bbox 1217 1512 1309 1607; x_wconf 79' lang='lat'>1361.</span> <span class='ocrx_word' id='word_1_78' title='bbox 1329 1532 1426 1618; x_wconf 86' lang='lat' dir='ltr'>pene</span> <span class='ocrx_word' id='word_1_79' title='bbox 1443 1530 1564 1585; x_wconf 79' lang='lat' dir='ltr'>totoni</span> <span class='ocrx_word' id='word_1_80' title='bbox 1584 1505 1763 1588; x_wconf 84' lang='lat' dir='ltr'>incendio</span> <span class='ocrx_word' id='word_1_81' title='bbox 1774 1502 1917 1616; x_wconf 88' lang='lat' dir='ltr'>periisse</span> 
     </span>
     <span class='ocr_line' id='line_1_12' title="bbox 625 1610 1913 1727; baseline 0.005 -40"><span class='ocrx_word' id='word_1_82' title='bbox 625 1635 755 1692; x_wconf 85' lang='lat' dir='ltr'>narrat</span> <span class='ocrx_word' id='word_1_83' title='bbox 777 1610 937 1726; x_wconf 86' lang='lat' dir='ltr'>scriptor</span> <span class='ocrx_word' id='word_1_84' title='bbox 957 1616 1113 1726; x_wconf 85' lang='lat' dir='ltr'>quidam</span> <span class='ocrx_word' id='word_1_85' title='bbox 1129 1619 1194 1726; x_wconf 87' lang='lat' dir='ltr'>qui</span> <span class='ocrx_word' id='word_1_86' title='bbox 1209 1641 1324 1727; x_wconf 84' lang='lat' dir='ltr'>penes</span> <span class='ocrx_word' id='word_1_87' title='bbox 1340 1643 1403 1697; x_wconf 80' lang='lat' dir='ltr'>nse</span> <span class='ocrx_word' id='word_1_88' title='bbox 1421 1612 1495 1714; x_wconf 87' lang='lat' dir='ltr'>est,</span> <span class='ocrx_word' id='word_1_89' title='bbox 1522 1612 1753 1713; x_wconf 86' lang='lat' dir='ltr'>anecdotus,</span> <span class='ocrx_word' id='word_1_90' title='bbox 1772 1638 1814 1692; x_wconf 90' lang='lat' dir='ltr'>ut</span> <span class='ocrx_word' id='word_1_91' title='bbox 1834 1620 1913 1722; x_wconf 82' lang='lat' dir='ltr'>qui-</span> 
     </span>
     <span class='ocr_line' id='line_1_13' title="bbox 623 1717 1803 1834; baseline 0.003 -37"><span class='ocrx_word' id='word_1_92' title='bbox 623 1717 713 1800; x_wconf 89' lang='lat' dir='ltr'>dem</span> <span class='ocrx_word' id='word_1_93' title='bbox 729 1718 889 1823; x_wconf 84' lang='lat' dir='ltr'>aestirno,</span> <span class='ocrx_word' id='word_1_94' title='bbox 907 1723 1058 1834; x_wconf 76' lang='lat' dir='ltr'>aqualis</span> <span class='ocrx_word' id='word_1_95' title='bbox 1074 1728 1178 1806; x_wconf 85' lang='lat' dir='ltr'>Sixto</span> <span class='ocrx_word' id='word_1_96' title='bbox 1195 1724 1268 1805; x_wconf 92' lang='lat' dir='ltr'>IV.</span> <span class='ocrx_word' id='word_1_97' title='bbox 1288 1719 1433 1804; x_wconf 86' lang='lat' dir='ltr'>summo</span> <span class='ocrx_word' id='word_1_98' title='bbox 1449 1719 1634 1804; x_wconf 82' lang='lat' dir='ltr'>Pontifici.</span> <span class='ocrx_word' id='word_1_99' title='bbox 1652 1725 1711 1805; x_wconf 87' lang='lat' dir='ltr'>Sic</span> <span class='ocrx_word' id='word_1_100' title='bbox 1730 1720 1803 1801; x_wconf 90' lang='lat' dir='ltr'>ille.</span> 
     </span>
    </p>

    <p class='ocr_par' dir='ltr' id='par_1_4' title="bbox 603 1830 1914 2797">
     <span class='ocr_line' id='line_1_14' title="bbox 683 1830 1914 1942; baseline -0.002 -33"><span class='ocrx_word' id='word_1_101' title='bbox 683 1840 786 1909; x_wconf 80' lang='lat' dir='ltr'>Anno</span> <span class='ocrx_word' id='word_1_102' title='bbox 821 1837 908 1933; x_wconf 78' lang='lat'>1361</span> <span class='ocrx_word' id='word_1_103' title='bbox 946 1834 1056 1941; x_wconf 73' lang='lat' dir='ltr'>nurse</span> <span class='ocrx_word' id='word_1_104' title='bbox 1081 1838 1226 1942; x_wconf 68' lang='lat' dir='ltr'>Augusto</span> <span class='ocrx_word' id='word_1_105' title='bbox 1240 1834 1449 1934; x_wconf 79' lang='lat' dir='ltr'>21.die]0vis</span> <span class='ocrx_word' id='word_1_106' title='bbox 1466 1835 1643 1908; x_wconf 72' lang='lat' dir='ltr'>bordmrlr</span> <span class='ocrx_word' id='word_1_107' title='bbox 1656 1830 1914 1935; x_wconf 74' lang='lat' dir='ltr'>l&#39;raeftssicrns-</span> 
     </span>
     <span class='ocr_line' id='line_1_15' title="bbox 615 1936 1913 2046; baseline 0.006 -35"><span class='ocrx_word' id='word_1_108' title='bbox 615 1938 789 2014; x_wconf 77' lang='lat' dir='ltr'>tenderunt</span> <span class='ocrx_word' id='word_1_109' title='bbox 810 1947 846 2015; x_wconf 78' lang='lat' dir='ltr'>in</span> <span class='ocrx_word' id='word_1_110' title='bbox 870 1942 992 2019; x_wconf 68' lang='lat' dir='ltr'>orrum</span> <span class='ocrx_word' id='word_1_111' title='bbox 1007 1941 1145 2041; x_wconf 74' lang='lat' dir='ltr'>S.Joan.</span> <span class='ocrx_word' id='word_1_112' title='bbox 1163 1953 1329 2020; x_wconf 75' lang='lat' dir='ltr'>lateran.</span> <span class='ocrx_word' id='word_1_113' title='bbox 1351 1960 1394 2014; x_wconf 76' lang='lat' dir='ltr'>at</span> <span class='ocrx_word' id='word_1_114' title='bbox 1406 1940 1576 2046; x_wconf 63' lang='lat' dir='ltr'>quasdam</span> <span class='ocrx_word' id='word_1_115' title='bbox 1589 1936 1762 2039; x_wconf 78' lang='lat' dir='ltr'>plumbeas</span> <span class='ocrx_word' id='word_1_116' title='bbox 1771 1937 1913 2019; x_wconf 78' lang='lat' dir='ltr'>tabulas</span> 
     </span>
     <span class='ocr_line' id='line_1_16' title="bbox 618 2040 1913 2156; baseline 0.001 -39"><span class='ocrx_word' id='word_1_117' title='bbox 618 2040 843 2145; x_wconf 77' lang='lat' dir='ltr'>adaptarent,</span> <span class='ocrx_word' id='word_1_118' title='bbox 861 2045 907 2140; x_wconf 58' lang='grc' dir='ltr'>όν</span> <span class='ocrx_word' id='word_1_119' title='bbox 928 2044 1125 2156; x_wconf 79' lang='lat' dir='ltr'>vespertinis</span> <span class='ocrx_word' id='word_1_120' title='bbox 1141 2046 1227 2124; x_wconf 83' lang='lat' dir='ltr'>boris</span> <span class='ocrx_word' id='word_1_121' title='bbox 1242 2109 1252 2144; x_wconf 83' lang='lat'>,</span> <span class='ocrx_word' id='word_1_122' title='bbox 1269 2045 1408 2151; x_wconf 80' lang='lat' dir='ltr'>quando</span> <span class='ocrx_word' id='word_1_123' title='bbox 1424 2052 1588 2128; x_wconf 75' lang='lat' dir='ltr'>canonice·</span> <span class='ocrx_word' id='word_1_124' title='bbox 1610 2043 1805 2122; x_wconf 70' lang='lat' dir='ltr'>cantabant</span> <span class='ocrx_word' id='word_1_125' title='bbox 1815 2056 1913 2127; x_wconf 79' lang='lat' dir='ltr'>Ma.</span> 
     </span>
     <span class='ocr_line' id='line_1_17' title="bbox 612 2148 1912 2261; baseline 0 -37"><span class='ocrx_word' id='word_1_126' title='bbox 612 2158 673 2254; x_wconf 82' lang='lat' dir='ltr'>gni</span> <span class='ocrx_word' id='word_1_127' title='bbox 696 2171 771 2252; x_wconf 77' lang='lat' dir='ltr'>car,</span> <span class='ocrx_word' id='word_1_128' title='bbox 792 2155 937 2256; x_wconf 82' lang='lat' dir='ltr'>quidam</span> <span class='ocrx_word' id='word_1_129' title='bbox 959 2164 1145 2237; x_wconf 79' lang='lat' dir='ltr'>canonicus</span> <span class='ocrx_word' id='word_1_130' title='bbox 1167 2155 1339 2232; x_wconf 78' lang='lat' dir='ltr'>ardentem</span> <span class='ocrx_word' id='word_1_131' title='bbox 1347 2151 1507 2230; x_wconf 81' lang='lat' dir='ltr'>tabulam</span> <span class='ocrx_word' id='word_1_132' title='bbox 1524 2157 1636 2249; x_wconf 80' lang='lat' dir='ltr'>vidit,</span> <span class='ocrx_word' id='word_1_133' title='bbox 1645 2148 1823 2261; x_wconf 78' lang='lat' dir='ltr'>subitoque</span> <span class='ocrx_word' id='word_1_134' title='bbox 1848 2182 1912 2232; x_wconf 85' lang='lat' dir='ltr'>ex.</span> 
     </span>
     <span class='ocr_line' id='line_1_18' title="bbox 613 2256 1912 2364; baseline 0.002 -31"><span class='ocrx_word' id='word_1_135' title='bbox 613 2256 796 2339; x_wconf 75' lang='lat' dir='ltr'>clamavit.</span> <span class='ocrx_word' id='word_1_136' title='bbox 827 2261 989 2359; x_wconf 76' lang='lat' dir='ltr'>I’raefissi</span> <span class='ocrx_word' id='word_1_137' title='bbox 1003 2280 1119 2339; x_wconf 82' lang='lat' dir='ltr'>autem</span> <span class='ocrx_word' id='word_1_138' title='bbox 1144 2256 1238 2339; x_wconf 80' lang='lat' dir='ltr'>nihil</span> <span class='ocrx_word' id='word_1_139' title='bbox 1253 2260 1499 2356; x_wconf 74' lang='lat' dir='ltr'>adverterant,</span> <span class='ocrx_word' id='word_1_140' title='bbox 1530 2257 1576 2351; x_wconf 59' lang='lat' dir='ltr'>Co</span> <span class='ocrx_word' id='word_1_141' title='bbox 1593 2285 1697 2364; x_wconf 76' lang='lat' dir='ltr'>quum</span> <span class='ocrx_word' id='word_1_142' title='bbox 1717 2284 1768 2336; x_wconf 83' lang='lat' dir='ltr'>res</span> <span class='ocrx_word' id='word_1_143' title='bbox 1788 2269 1824 2336; x_wconf 84' lang='lat' dir='ltr'>in</span> <span class='ocrx_word' id='word_1_144' title='bbox 1852 2288 1912 2339; x_wconf 84' lang='lat' dir='ltr'>no-</span> 
     </span>
     <span class='ocr_line' id='line_1_19' title="bbox 613 2365 1912 2475; baseline 0.003 -38"><span class='ocrx_word' id='word_1_145' title='bbox 613 2370 733 2441; x_wconf 81' lang='lat' dir='ltr'><em>titiam</em></span> <span class='ocrx_word' id='word_1_146' title='bbox 751 2376 986 2448; x_wconf 78' lang='lat' dir='ltr'>canonicorum</span> <span class='ocrx_word' id='word_1_147' title='bbox 1011 2378 1129 2465; x_wconf 79' lang='lat' dir='ltr'>venit,</span> <span class='ocrx_word' id='word_1_148' title='bbox 1152 2365 1618 2475; x_wconf 73' lang='lat' dir='ltr'>violentiamignisfirperare</span> <span class='ocrx_word' id='word_1_149' title='bbox 1632 2390 1693 2442; x_wconf 79' lang='lat' dir='ltr'>non</span> <span class='ocrx_word' id='word_1_150' title='bbox 1709 2383 1912 2467; x_wconf 77' lang='lat' dir='ltr'>potuerunt,</span> 
     </span>
     <span class='ocr_line' id='line_1_20' title="bbox 603 2468 1911 2583; baseline 0.002 -37"><span class='ocrx_word' id='word_1_151' title='bbox 603 2471 671 2575; x_wconf 80' lang='lat' dir='ltr'>sed</span> <span class='ocrx_word' id='word_1_152' title='bbox 679 2473 893 2583; x_wconf 62' lang='lat' dir='ltr'>aufugerunt.</span> <span class='ocrx_word' id='word_1_153' title='bbox 904 2486 1001 2556; x_wconf 79' lang='lat' dir='ltr'>Tunc</span> <span class='ocrx_word' id='word_1_154' title='bbox 1015 2473 1127 2550; x_wconf 82' lang='lat' dir='ltr'>trabes</span> <span class='ocrx_word' id='word_1_155' title='bbox 1140 2501 1247 2551; x_wconf 82' lang='lat' dir='ltr'>omres</span> <span class='ocrx_word' id='word_1_156' title='bbox 1261 2471 1446 2581; x_wconf 58' lang='lat' dir='ltr'>alamur,</span> <span class='ocrx_word' id='word_1_157' title='bbox 1461 2495 1527 2551; x_wconf 79' lang='lat' dir='ltr'>tres</span> <span class='ocrx_word' id='word_1_158' title='bbox 1536 2470 1691 2550; x_wconf 59' lang='lat' dir='ltr'>columnae</span> <span class='ocrx_word' id='word_1_159' title='bbox 1702 2468 1911 2579; x_wconf 72' lang='lat' dir='ltr'>lapfiaefirnr,</span> 
     </span>
     <span class='ocr_line' id='line_1_21' title="bbox 612 2577 1910 2691; baseline 0.001 -36"><span class='ocrx_word' id='word_1_160' title='bbox 612 2598 742 2655; x_wconf 82' lang='lat' dir='ltr'>caeterae</span> <span class='ocrx_word' id='word_1_161' title='bbox 765 2608 875 2661; x_wconf 83' lang='lat' dir='ltr'>omnes</span> <span class='ocrx_word' id='word_1_162' title='bbox 897 2579 1164 2691; x_wconf 72' lang='lat' dir='ltr'>ignrcorfiisae‚</span> <span class='ocrx_word' id='word_1_163' title='bbox 1180 2581 1297 2658; x_wconf 79' lang='lat' dir='ltr'>altare</span> <span class='ocrx_word' id='word_1_164' title='bbox 1318 2579 1528 2688; x_wconf 73' lang='lat' dir='ltr'>&amp;quatuor</span> <span class='ocrx_word' id='word_1_165' title='bbox 1552 2577 1708 2659; x_wconf 64' lang='lat' dir='ltr'>columnae</span> <span class='ocrx_word' id='word_1_166' title='bbox 1729 2605 1774 2655; x_wconf 78' lang='lat' dir='ltr'>ex</span> <span class='ocrx_word' id='word_1_167' title='bbox 1790 2580 1910 2686; x_wconf 80' lang='lat' dir='ltr'>jaspi-</span> 
     </span>
     <span class='ocr_line' id='line_1_22' title="bbox 611 2682 995 2797; baseline 0.016 -35"><span class='ocrx_word' id='word_1_168' title='bbox 611 2693 653 2762; x_wconf 79' lang='lat' dir='ltr'>de</span> <span class='ocrx_word' id='word_1_169' title='bbox 666 2682 891 2785; x_wconf 75' lang='lat' dir='ltr'>labefirfsatae</span> <span class='ocrx_word' id='word_1_170' title='bbox 900 2690 995 2797; x_wconf 78' lang='lat' dir='ltr'><em>fient.</em></span> 
     </span>
    </p>

    <p class='ocr_par' dir='ltr' id='par_1_5' title="bbox 600 2788 1907 4198">
     <span class='ocr_line' id='line_1_23' title="bbox 671 2788 1907 2894; baseline 0 -22"><span class='ocrx_word' id='word_1_171' title='bbox 671 2794 718 2874; x_wconf 88' lang='lat' dir='ltr'>In</span> <span class='ocrx_word' id='word_1_172' title='bbox 734 2793 897 2875; x_wconf 86' lang='lat' dir='ltr'>claustro</span> <span class='ocrx_word' id='word_1_173' title='bbox 916 2791 1080 2885; x_wconf 78' lang='lat' dir='ltr'>visuntur</span> <span class='ocrx_word' id='word_1_174' title='bbox 1105 2791 1254 2876; x_wconf 77' lang='lat' dir='ltr'>fanrosae</span> <span class='ocrx_word' id='word_1_175' title='bbox 1271 2795 1343 2874; x_wconf 82' lang='lat' dir='ltr'>illae</span> <span class='ocrx_word' id='word_1_176' title='bbox 1362 2793 1444 2874; x_wconf 78' lang='lat' dir='ltr'>dua</span> <span class='ocrx_word' id='word_1_177' title='bbox 1468 2788 1830 2894; x_wconf 82' lang='lat' dir='ltr'>sedes,stercorariae</span> <span class='ocrx_word' id='word_1_178' title='bbox 1850 2793 1907 2872; x_wconf 67' lang='lat' dir='ltr'>diss</span> 
     </span>
     <span class='ocr_line' id='line_1_24' title="bbox 610 2896 1906 3015; baseline 0 -36"><span class='ocrx_word' id='word_1_179' title='bbox 610 2900 929 3011; x_wconf 63' lang='lat' dir='ltr'>dtae,persoratae,</span> <span class='ocrx_word' id='word_1_180' title='bbox 950 2933 1032 3014; x_wconf 83' lang='lat' dir='ltr'>quae</span> <span class='ocrx_word' id='word_1_181' title='bbox 1051 2932 1128 2984; x_wconf 92' lang='lat' dir='ltr'>non</span> <span class='ocrx_word' id='word_1_182' title='bbox 1147 2896 1537 3015; x_wconf 73' lang='lat' dir='ltr'>porpliyretiocluirt,</span> <span class='ocrx_word' id='word_1_183' title='bbox 1558 2926 1607 2991; x_wconf 88' lang='lat' dir='ltr'>ut·</span> <span class='ocrx_word' id='word_1_184' title='bbox 1622 2900 1739 3011; x_wconf 78' lang='lat' dir='ltr'>vulgo</span> <span class='ocrx_word' id='word_1_185' title='bbox 1763 2898 1906 3003; x_wconf 75' lang='lat' dir='ltr'>sertur3</span> 
     </span>
     <span class='ocr_line' id='line_1_25' title="bbox 608 3003 1906 3122; baseline 0.001 -35"><span class='ocrx_word' id='word_1_186' title='bbox 608 3003 673 3087; x_wconf 89' lang='lat' dir='ltr'>sed</span> <span class='ocrx_word' id='word_1_187' title='bbox 691 3034 739 3088; x_wconf 84' lang='lat' dir='ltr'>ex</span> <span class='ocrx_word' id='word_1_188' title='bbox 755 3008 871 3091; x_wconf 86' lang='lat' dir='ltr'>rubro</span> <span class='ocrx_word' id='word_1_189' title='bbox 888 3011 1014 3122; x_wconf 89' lang='lat' dir='ltr'>lapide</span> <span class='ocrx_word' id='word_1_190' title='bbox 1031 3012 1213 3093; x_wconf 82' lang='lat' dir='ltr'>vividiore</span> <span class='ocrx_word' id='word_1_191' title='bbox 1229 3039 1344 3121; x_wconf 83' lang='lat' dir='ltr'>quam</span> <span class='ocrx_word' id='word_1_192' title='bbox 1387 3009 1601 3120; x_wconf 78' lang='lat' dir='ltr'>orphyrites</span> <span class='ocrx_word' id='word_1_193' title='bbox 1619 3008 1770 3108; x_wconf 87' lang='lat' dir='ltr'>colore,</span> <span class='ocrx_word' id='word_1_194' title='bbox 1796 3006 1906 3088; x_wconf 91' lang='lat' dir='ltr'>nullis</span> 
     </span>
     <span class='ocr_line' id='line_1_26' title="bbox 609 3114 1903 3231; baseline -0.002 -35"><span class='ocrx_word' id='word_1_195' title='bbox 609 3114 782 3198; x_wconf 69' lang='lat' dir='ltr'>distinato</span> <span class='ocrx_word' id='word_1_196' title='bbox 800 3118 976 3222; x_wconf 85' lang='lat' dir='ltr'>maculis,</span> <span class='ocrx_word' id='word_1_197' title='bbox 1003 3120 1054 3200; x_wconf 87' lang='lat' dir='ltr'>ad</span> <span class='ocrx_word' id='word_1_198' title='bbox 1077 3119 1157 3199; x_wconf 85' lang='lat' dir='ltr'>haec</span> <span class='ocrx_word' id='word_1_199' title='bbox 1173 3119 1287 3231; x_wconf 80' lang='lat' dir='ltr'>longe</span> <span class='ocrx_word' id='word_1_200' title='bbox 1303 3148 1369 3198; x_wconf 86' lang='lat' dir='ltr'>mo</span> <span class='ocrx_word' id='word_1_201' title='bbox 1403 3122 1486 3198; x_wconf 88' lang='lat' dir='ltr'>&#39;oris</span> <span class='ocrx_word' id='word_1_202' title='bbox 1504 3122 1681 3210; x_wconf 73' lang='lat' dir='ltr'>materia.</span> <span class='ocrx_word' id='word_1_203' title='bbox 1701 3119 1785 3211; x_wconf 87' lang='lat' dir='ltr'>Has</span> <span class='ocrx_word' id='word_1_204' title='bbox 1804 3118 1903 3195; x_wconf 87' lang='lat' dir='ltr'>Pon.</span> 
     </span>
     <span class='ocr_line' id='line_1_27' title="bbox 608 3221 1902 3338; baseline 0.002 -37"><span class='ocrx_word' id='word_1_205' title='bbox 608 3221 768 3306; x_wconf 86' lang='lat' dir='ltr'>tificibus</span> <span class='ocrx_word' id='word_1_206' title='bbox 784 3252 915 3308; x_wconf 89' lang='lat' dir='ltr'>recens</span> <span class='ocrx_word' id='word_1_207' title='bbox 931 3228 1117 3338; x_wconf 88' lang='lat' dir='ltr'>promotis</span> <span class='ocrx_word' id='word_1_208' title='bbox 1139 3252 1294 3308; x_wconf 90' lang='lat' dir='ltr'>narrant</span> <span class='ocrx_word' id='word_1_209' title='bbox 1313 3232 1388 3307; x_wconf 90' lang='lat' dir='ltr'>ritu</span> <span class='ocrx_word' id='word_1_210' title='bbox 1416 3225 1591 3337; x_wconf 82' lang='lat' dir='ltr'>fingulari</span> <span class='ocrx_word' id='word_1_211' title='bbox 1609 3223 1671 3305; x_wconf 90' lang='lat' dir='ltr'>usu</span> <span class='ocrx_word' id='word_1_212' title='bbox 1718 3248 1902 3303; x_wconf 77' lang='lat' dir='ltr'>atasznon</span> 
     </span>
     <span class='ocr_line' id='line_1_28' title="bbox 605 3325 1898 3442; baseline -0.001 -33"><span class='ocrx_word' id='word_1_213' title='bbox 605 3331 843 3442; x_wconf 86' lang='lat' dir='ltr'>explorando</span> <span class='ocrx_word' id='word_1_214' title='bbox 858 3329 977 3435; x_wconf 70' lang='lat' dir='ltr'>sextu,</span> <span class='ocrx_word' id='word_1_215' title='bbox 994 3360 1037 3414; x_wconf 90' lang='lat' dir='ltr'>ut</span> <span class='ocrx_word' id='word_1_216' title='bbox 1054 3335 1215 3416; x_wconf 70' lang='lat' dir='ltr'>ridiculis</span> <span class='ocrx_word' id='word_1_217' title='bbox 1236 3336 1395 3436; x_wconf 86' lang='lat' dir='ltr'>dicitur,</span> <span class='ocrx_word' id='word_1_218' title='bbox 1418 3338 1480 3421; x_wconf 85' lang='lat' dir='ltr'>vix</span> <span class='ocrx_word' id='word_1_219' title='bbox 1496 3339 1598 3415; x_wconf 82' lang='lat' dir='ltr'>eninr</span> <span class='ocrx_word' id='word_1_220' title='bbox 1695 3354 1735 3411; x_wconf 89' lang='lat' dir='ltr'>et</span> <span class='ocrx_word' id='word_1_221' title='bbox 1750 3336 1790 3409; x_wconf 88' lang='lat' dir='ltr'>in</span> <span class='ocrx_word' id='word_1_222' title='bbox 1805 3325 1898 3410; x_wconf 86' lang='lat' dir='ltr'>sedi.</span> 
     </span>
     <span class='ocr_line' id='line_1_29' title="bbox 604 3435 1899 3554; baseline 0.001 -38"><span class='ocrx_word' id='word_1_223' title='bbox 604 3436 701 3518; x_wconf 87' lang='lat' dir='ltr'>libus</span> <span class='ocrx_word' id='word_1_224' title='bbox 726 3436 939 3547; x_wconf 87' lang='lat' dir='ltr'>hujusmodi</span> <span class='ocrx_word' id='word_1_225' title='bbox 967 3465 1047 3522; x_wconf 88' lang='lat' dir='ltr'>tam</span> <span class='ocrx_word' id='word_1_226' title='bbox 1074 3446 1191 3554; x_wconf 87' lang='lat' dir='ltr'>turpis</span> <span class='ocrx_word' id='word_1_227' title='bbox 1217 3440 1358 3522; x_wconf 68' lang='lat' dir='ltr'>sundiio</span> <span class='ocrx_word' id='word_1_228' title='bbox 1382 3445 1540 3552; x_wconf 79' lang='lat' dir='ltr'>peragi:</span> <span class='ocrx_word' id='word_1_229' title='bbox 1561 3435 1598 3519; x_wconf 89' lang='lat' dir='ltr'>se</span> <span class='ocrx_word' id='word_1_230' title='bbox 1653 3438 1899 3532; x_wconf 85' lang='lat' dir='ltr'>inThermis</span> 
     </span>
     <span class='ocr_line' id='line_1_30' title="bbox 603 3542 1898 3732; baseline 0.002 -109"><span class='ocrx_word' id='word_1_231' title='bbox 603 3546 696 3626; x_wconf 84' lang='lat' dir='ltr'>olim</span> <span class='ocrx_word' id='word_1_232' title='bbox 705 3542 782 3625; x_wconf 92' lang='lat' dir='ltr'>usui</span> <span class='ocrx_word' id='word_1_233' title='bbox 799 3542 1121 3658; x_wconf 79' lang='lat' dir='ltr'>finsseperitorum</span> <span class='ocrx_word' id='word_1_234' title='bbox 1138 3555 1266 3660; x_wconf 87' lang='lat' dir='ltr'>opinio</span> <span class='ocrx_word' id='word_1_235' title='bbox 1294 3548 1357 3631; x_wconf 90' lang='lat' dir='ltr'>est.</span> <span class='ocrx_word' id='word_1_236' title='bbox 1386 3553 1532 3630; x_wconf 79' lang='lat' dir='ltr'>Narrat</span> <span class='ocrx_word' id='word_1_237' title='bbox 1550 3546 1671 3641; x_wconf 60' lang='lat' dir='ltr'>certi¹</span> <span class='ocrx_word' id='word_1_238' title='bbox 1694 3544 1898 3732; x_wconf 66' lang='lat' dir='ltr'>Olpmpio-</span> 
     </span>
     <span class='ocr_line' id='line_1_31' title="bbox 602 3649 1895 3737; baseline -0.001 -3"><span class='ocrx_word' id='word_1_239' title='bbox 602 3656 718 3734; x_wconf 89' lang='lat' dir='ltr'>dorus</span> <span class='ocrx_word' id='word_1_240' title='bbox 735 3659 774 3734; x_wconf 94' lang='lat' dir='ltr'>in</span> <span class='ocrx_word' id='word_1_241' title='bbox 792 3653 949 3737; x_wconf 80' lang='lat' dir='ltr'>themsis</span> <span class='ocrx_word' id='word_1_242' title='bbox 959 3657 1224 3737; x_wconf 81' lang='lat' dir='ltr'>Antoninianis</span> <span class='ocrx_word' id='word_1_243' title='bbox 1235 3656 1338 3737; x_wconf 87' lang='lat' dir='ltr'>mille</span> <span class='ocrx_word' id='word_1_244' title='bbox 1360 3652 1551 3737; x_wconf 87' lang='lat' dir='ltr'>sexcentas</span> <span class='ocrx_word' id='word_1_245' title='bbox 1559 3649 1732 3734; x_wconf 83' lang='lat' dir='ltr'>hu&#39;usmo</span> <span class='ocrx_word' id='word_1_246' title='bbox 1760 3657 1773 3731; x_wconf 91' lang='lat' dir='ltr'>i</span> <span class='ocrx_word' id='word_1_247' title='bbox 1796 3680 1895 3734; x_wconf 84' lang='lat' dir='ltr'>mar.</span> 
     </span>
     <span class='ocr_line' id='line_1_32' title="bbox 601 3758 1897 3857; baseline -0.002 -14"><span class='ocrx_word' id='word_1_248' title='bbox 601 3791 750 3845; x_wconf 85' lang='lat' dir='ltr'>moreas</span> <span class='ocrx_word' id='word_1_249' title='bbox 768 3761 968 3847; x_wconf 78' lang='lat' dir='ltr'>cathedras</span> <span class='ocrx_word' id='word_1_250' title='bbox 1001 3764 1051 3843; x_wconf 86' lang='lat' dir='ltr'>ad</span> <span class='ocrx_word' id='word_1_251' title='bbox 1075 3763 1297 3857; x_wconf 84' lang='lat' dir='ltr'>balneorum</span> <span class='ocrx_word' id='word_1_252' title='bbox 1321 3760 1425 3843; x_wconf 88' lang='lat' dir='ltr'>usum</span> <span class='ocrx_word' id='word_1_253' title='bbox 1441 3760 1553 3844; x_wconf 78' lang='lat' dir='ltr'>fuisse.</span> <span class='ocrx_word' id='word_1_254' title='bbox 1575 3764 1662 3842; x_wconf 84' lang='lat' dir='ltr'>Aia</span> <span class='ocrx_word' id='word_1_255' title='bbox 1688 3758 1832 3842; x_wconf 87' lang='lat' dir='ltr'>ibidem</span> <span class='ocrx_word' id='word_1_256' title='bbox 1848 3788 1897 3844; x_wconf 83' lang='lat' dir='ltr'>ex</span> 
     </span>
     <span class='ocr_line' id='line_1_33' title="bbox 601 3867 1895 3982; baseline 0.002 -34"><span class='ocrx_word' id='word_1_257' title='bbox 601 3899 792 3951; x_wconf 77' lang='lat' dir='ltr'>nsarmore</span> <span class='ocrx_word' id='word_1_258' title='bbox 810 3870 899 3951; x_wconf 87' lang='lat' dir='ltr'>albo</span> <span class='ocrx_word' id='word_1_259' title='bbox 913 3869 1096 3959; x_wconf 88' lang='lat' dir='ltr'>cathedra</span> <span class='ocrx_word' id='word_1_260' title='bbox 1110 3898 1194 3952; x_wconf 90' lang='lat' dir='ltr'>non</span> <span class='ocrx_word' id='word_1_261' title='bbox 1215 3870 1408 3982; x_wconf 86' lang='lat' dir='ltr'>perforata</span> <span class='ocrx_word' id='word_1_262' title='bbox 1432 3867 1668 3982; x_wconf 87' lang='lat' dir='ltr'>conspicitur.</span> <span class='ocrx_word' id='word_1_263' title='bbox 1686 3873 1730 3950; x_wconf 91' lang='lat' dir='ltr'>ln</span> <span class='ocrx_word' id='word_1_264' title='bbox 1757 3869 1895 3953; x_wconf 88' lang='lat' dir='ltr'>eadem</span> 
     </span>
     <span class='ocr_line' id='line_1_34' title="bbox 601 3970 1895 4089; baseline -0.003 -28"><span class='ocrx_word' id='word_1_265' title='bbox 601 3978 842 4061; x_wconf 79' lang='lat' dir='ltr'>lateranensi</span> <span class='ocrx_word' id='word_1_266' title='bbox 859 3978 1072 4089; x_wconf 83' lang='lat' dir='ltr'>tetrastylo,</span> <span class='ocrx_word' id='word_1_267' title='bbox 1094 3974 1443 4089; x_wconf 79' lang='lat' dir='ltr'>visunturplurimae</span> <span class='ocrx_word' id='word_1_268' title='bbox 1460 3970 1895 4089; x_wconf 73' lang='lat' dir='ltr'>Ebraeorunrsepulchra</span> 
     </span>
     <span class='ocr_line' id='line_1_35' title="bbox 600 4079 1793 4198; baseline -0.003 -32"><span class='ocrx_word' id='word_1_269' title='bbox 600 4088 652 4170; x_wconf 88' lang='lat' dir='ltr'>les</span> <span class='ocrx_word' id='word_1_270' title='bbox 668 4083 946 4198; x_wconf 83' lang='lat' dir='ltr'>inscriptiones,</span> <span class='ocrx_word' id='word_1_271' title='bbox 957 4114 1039 4197; x_wconf 76' lang='lat' dir='ltr'>qua:</span> <span class='ocrx_word' id='word_1_272' title='bbox 1057 4085 1320 4165; x_wconf 86' lang='lat' dir='ltr'>columnarum</span> <span class='ocrx_word' id='word_1_273' title='bbox 1335 4083 1518 4196; x_wconf 77' lang='lat' dir='ltr'>capitellis</span> <span class='ocrx_word' id='word_1_274' title='bbox 1535 4081 1656 4165; x_wconf 82' lang='lat' dir='ltr'>incisae</span> <span class='ocrx_word' id='word_1_275' title='bbox 1674 4079 1768 4166; x_wconf 87' lang='lat' dir='ltr'>sunt.</span> <span class='ocrx_word' id='word_1_276' title='bbox 1791 4177 1793 4181; x_wconf 34' lang='grc'><strong>,</strong></span> 
     </span>
    </p>

    <p class='ocr_par' dir='ltr' id='par_1_6' title="bbox 591 4187 1890 4519">
     <span class='ocr_line' id='line_1_36' title="bbox 655 4187 1890 4305; baseline -0.005 -27"><span class='ocrx_word' id='word_1_277' title='bbox 655 4199 722 4278; x_wconf 91' lang='lat' dir='ltr'>De</span> <span class='ocrx_word' id='word_1_278' title='bbox 733 4193 841 4277; x_wconf 84' lang='lat' dir='ltr'>Scala</span> <span class='ocrx_word' id='word_1_279' title='bbox 855 4189 976 4277; x_wconf 65' lang='lat' dir='ltr'>sancia</span> <span class='ocrx_word' id='word_1_280' title='bbox 994 4202 1033 4276; x_wconf 88' lang='lat'>&amp;</span> <span class='ocrx_word' id='word_1_281' title='bbox 1048 4198 1210 4305; x_wconf 84' lang='lat' dir='ltr'>imagine</span> <span class='ocrx_word' id='word_1_282' title='bbox 1228 4191 1294 4272; x_wconf 84' lang='lat' dir='ltr'>illa</span> <span class='ocrx_word' id='word_1_283' title='bbox 1309 4221 1391 4303; x_wconf 83' lang='lat' dir='ltr'>quae</span> <span class='ocrx_word' id='word_1_284' title='bbox 1416 4220 1504 4272; x_wconf 88' lang='lat' dir='ltr'>cum</span> <span class='ocrx_word' id='word_1_285' title='bbox 1522 4191 1571 4272; x_wconf 86' lang='lat' dir='ltr'>ab</span> <span class='ocrx_word' id='word_1_286' title='bbox 1590 4191 1747 4304; x_wconf 80' lang='lat' dir='ltr'>Angelis</span> <span class='ocrx_word' id='word_1_287' title='bbox 1763 4187 1890 4273; x_wconf 85' lang='lat' dir='ltr'>conse-</span> 
     </span>
     <span class='ocr_line' id='line_1_37' title="bbox 591 4298 1887 4417; baseline -0.007 -29"><span class='ocrx_word' id='word_1_288' title='bbox 591 4303 778 4388; x_wconf 67' lang='lat' dir='ltr'>arriserit</span> <span class='ocrx_word' id='word_1_289' title='bbox 796 4301 1090 4417; x_wconf 53' lang='lat' dir='ltr'>&amp;perfidorum</span> <span class='ocrx_word' id='word_1_290' title='bbox 1116 4301 1192 4401; x_wconf 86' lang='lat' dir='ltr'>est,</span> <span class='ocrx_word' id='word_1_291' title='bbox 1210 4329 1288 4380; x_wconf 89' lang='lat' dir='ltr'>non</span> <span class='ocrx_word' id='word_1_292' title='bbox 1306 4298 1519 4380; x_wconf 70' lang='lat' dir='ltr'>manufaera</span> <span class='ocrx_word' id='word_1_293' title='bbox 1544 4324 1722 4402; x_wconf 85' lang='lat' dir='ltr'>vocatur,</span> <span class='ocrx_word' id='word_1_294' title='bbox 1749 4298 1802 4378; x_wconf 91' lang='lat' dir='ltr'>nil</span> <span class='ocrx_word' id='word_1_295' title='bbox 1820 4299 1887 4379; x_wconf 86' lang='lat' dir='ltr'>nili</span> 
     </span>
     <span class='ocr_line' id='line_1_38' title="bbox 593 4405 1885 4519; baseline -0.005 -25"><span class='ocrx_word' id='word_1_296' title='bbox 593 4420 725 4495; x_wconf 87' lang='lat' dir='ltr'>tritum</span> <span class='ocrx_word' id='word_1_297' title='bbox 739 4408 965 4494; x_wconf 64' lang='lat' dir='ltr'>succurrita</span> <span class='ocrx_word' id='word_1_298' title='bbox 976 4413 1098 4491; x_wconf 89' lang='lat' dir='ltr'>vicino</span> <span class='ocrx_word' id='word_1_299' title='bbox 1118 4432 1227 4490; x_wconf 83' lang='lat' dir='ltr'>eruta</span> <span class='ocrx_word' id='word_1_300' title='bbox 1238 4406 1308 4488; x_wconf 89' lang='lat' dir='ltr'>fuit</span> <span class='ocrx_word' id='word_1_301' title='bbox 1326 4407 1504 4519; x_wconf 84' lang='lat' dir='ltr'>equestris</span> <span class='ocrx_word' id='word_1_302' title='bbox 1520 4412 1577 4490; x_wconf 91' lang='lat' dir='ltr'>M.</span> <span class='ocrx_word' id='word_1_303' title='bbox 1594 4406 1737 4488; x_wconf 87' lang='lat' dir='ltr'>Aurelii</span> <span class='ocrx_word' id='word_1_304' title='bbox 1753 4405 1885 4487; x_wconf 82' lang='lat' dir='ltr'>statua</span> 
     </span>
    </p>

    <p class='ocr_par' dir='ltr' id='par_1_7' title="bbox 655 4516 1931 4628">
     <span class='ocr_line' id='line_1_39' title="bbox 655 4516 1931 4628; baseline -0.005 -27"><span class='ocrx_word' id='word_1_305' title='bbox 655 4526 1040 4603; x_wconf 73' lang='lat' dir='ltr'>anmrrtrus</span> <span class='ocrx_word' id='word_1_306' title='bbox 1079 4522 1308 4598; x_wconf 68' lang='lat' dir='ltr'>vices.</span> <span class='ocrx_word' id='word_1_307' title='bbox 1339 4522 1463 4628; x_wconf 85' lang='lat' dir='ltr'>Equus</span> <span class='ocrx_word' id='word_1_308' title='bbox 1494 4516 1814 4628; x_wconf 84' lang='lat' dir='ltr'>Capitoliiaeneus</span> <span class='ocrx_word' id='word_1_309' title='bbox 1845 4518 1931 4594; x_wconf 87' lang='lat' dir='ltr'>in«</span> 
     </span>
    </p>
   </div>
   <div class='ocr_carea' id='block_1_2' title="bbox 592 4619 1930 4811">
    <p class='ocr_par' dir='ltr' id='par_1_8' title="bbox 592 4619 1930 4811">
     <span class='ocr_line' id='line_1_40' title="bbox 592 4619 1930 4811; baseline -0.01 -100"><span class='ocrx_word' id='word_1_310' title='bbox 592 4636 701 4712; x_wconf 83' lang='lat' dir='ltr'>vinea</span> <span class='ocrx_word' id='word_1_311' title='bbox 714 4628 878 4741; x_wconf 87' lang='lat' dir='ltr'>quadam</span> <span class='ocrx_word' id='word_1_312' title='bbox 887 4652 1007 4741; x_wconf 88' lang='lat' dir='ltr'>prope</span> <span class='ocrx_word' id='word_1_313' title='bbox 1018 4623 1165 4709; x_wconf 84' lang='lat' dir='ltr'>Scalarn</span> <span class='ocrx_word' id='word_1_314' title='bbox 1174 4619 1335 4710; x_wconf 68' lang='lat' dir='ltr'>sanstam</span> <span class='ocrx_word' id='word_1_315' title='bbox 1353 4628 1626 4735; x_wconf 82' lang='lat' dir='ltr'>&amp;S.Joannem</span> <span class='ocrx_word' id='word_1_316' title='bbox 1651 4624 1884 4811; x_wconf 65' lang='lat' dir='ltr'>Latseranen.</span> <span class='ocrx_word' id='word_1_317' title='bbox 1905 4655 1930 4696; x_wconf 76' lang='lat' dir='ltr'>u</span> 
     </span>
    </p>
   </div>
   <div class='ocr_carea' id='block_1_3' title="bbox 0 0 2136 5684">
    <p class='ocr_par' dir='ltr' id='par_1_9' title="bbox 0 0 2136 5684">
     <span class='ocr_line' id='line_1_41' title="bbox 0 0 2136 5684; baseline 0 14"><span class='ocrx_word' id='word_1_318' title='bbox 0 0 2136 5684; x_wconf 95' lang='lat' dir='ltr'> </span> 
     </span>
    </p>
   </div>
  </div>
 </body>
</html>
