4414 5692
941 473 1073 588 Caput
1086 452 1322 583 vigesimum
1331 443 1568 573 ficarium:
1845 495 1910 582 323

585 623 632 675 ox
649 590 711 673 boc
717 588 841 704 flcnilo
859 589 929 670 loco
946 587 1085 687 aufirre
1095 577 1369 693 proficmpftrit,
1385 606 1462 657 com
1476 575 1552 659 tilis
1569 603 1653 657 man
1664 579 1905 695 concmsortiat

584 728 645 783 tur
659 726 825 782 aetrrracm
843 760 857 795 ‚
872 696 999 807 quibus
1021 706 1060 774 in
1075 713 1226 772 extremo
1237 688 1373 793 judicio
1396 685 1550 789 diiiumr
1567 690 1613 795 cst
1632 685 1788 799 Christus
1809 729 1821 771 .·
1845 708 1907 777 Ite

584 811 768 940 oralcdiili
785 821 822 889 irc
840 821 954 920 ignom
971 829 1160 905 aternum,
1177 812 1243 911 qai
1254 820 1474 906 propitratus
1493 803 1539 908 cli
1561 796 1701 881 diabolo
1714 799 1905 915 &angelis

582 950 807 1145 meifipoic
822 1053 942 1111 autern
969 1026 1040 1109 boc
1055 1024 1178 1137 legeris
1193 1083 1207 1121 ,
1214 1018 1413 1138 ficbjeiium
1430 1048 1568 1133 quoquc
1582 1019 1724 1127 disticon
1738 1023 1845 1140 legera
1863 1054 1904 1109 nr

574 1151 762 1251 pigriteris.

763 1368 897 1464 Hujus
904 1360 1103 1473 scriptorem
1115 1351 1200 1436 libri
1217 1363 1306 1461 ,pie
1322 1352 1457 1462 Christo
1474 1414 1488 1451 ,
1507 1367 1658 1438 Leonem

757 1483 806 1553 Iu
824 1470 912 1550 libro
927 1481 1016 1551 vitae
1032 1467 1218 1580 dignanter
1223 1465 1379 1580 supplico
1397 1530 1409 1563 ‚
1420 1463 1540 1578 scribe.

631 1693 713 1805 Qui
731 1686 864 1771 sedens
879 1688 1085 1772 exhibetur
1103 1681 1258 1771 extenli
1274 1684 1457 1788 dextera,
1477 1683 1696 1797 linistrdque
1717 1685 1915 1772 baculum.

574 1825 781 1880 recurvum
791 1825 938 1904 tenens,
950 1800 1028 1882 S.P.
1041 1797 1268 1882 Beneditius
1282 1795 1349 1898 est,
1360 1795 1521 1908 pedibus
1530 1819 1658 1879 terens
1674 1798 1901 1901 vestem,cu.

577 1908 721 1988 collam
740 1911 895 1992 aeliimo.
914 1916 1007 1993 Eam
1024 1907 1446 2023 genuflexusJohannes
1463 1902 1639 1988 subducit
1650 1974 1661 2010 ,
1673 1913 1739 2019 qui
1747 1906 1900 1992 fortasse

575 2023 669 2097 ritus
686 2022 726 2098 in
747 2020 998 2102 admittendis
1018 2023 1172 2099 novitiis
1187 2024 1227 2099 in
1246 2013 1313 2096 usu
1338 2016 1421 2097 fuit.
1460 2020 1560 2097 Haec
1583 2036 1702 2129 porto
1731 2025 1901 2101 carmina

576 2153 698 2239 prope
709 2128 934 2240 Johannenr
951 2126 1160 2242 supplicem
1178 2127 1303 2241 posita
1321 2126 1521 2239 legunturr

684 2356 821 2457 Accipe
839 2350 1026 2459 dignanter
1046 2347 1140 2458 qaod
1148 2347 1225 2453 fhrt
1243 2414 1254 2449 ‚
1271 2358 1392 2431 Pater
1404 2343 1498 2424 alme
1518 2406 1531 2442 ,
1548 2343 1725 2451 Jobaaicos

685 2474 828 2544 Munus
846 2522 859 2556 ‚
877 2456 923 2551 el*
939 2473 1062 2539 aetcrni
1070 2456 1143 2570 fibi
1161 2454 1426 2560 confirmauere
1441 2468 1534 2569 regni

683 2572 845 2677 Supplici
859 2632 872 2666 ‚
888 2596 933 2646 ac
947 2580 1043 2649 votis
1057 2582 1139 2676 pius
1156 2569 1236 2649 inde
1243 2567 1375 2671 faveto
1394 2579 1545 2663 Leonis,

684 2682 866 2788 Eststodio
883 2683 982 2782 cujus
1001 2703 1084 2787 opas
1096 2681 1218 2760 ailam
1233 2680 1360 2758 codicis
1369 2674 1485 2778 hujus.

626 2906 681 2989 Ex
697 2890 826 2983 altera
839 2926 949 3012 parte
965 2899 1189 2983 Dehderius
1205 2895 1337 2979 Abbas
1361 2895 1563 3000 codicem,
1582 2925 1659 3010 qua
1673 2897 1802 2984 forma
1819 2900 1891 2983 ho.

567 3014 712 3123 dieque
729 3016 769 3090 in
789 3010 1029 3091 bibliotheca
1045 3006 1278 3122 conspicitur
1297 3074 1309 3109 ,
1335 3006 1511 3087 manibus
1527 3032 1636 3090 tenet
1652 3020 1691 3092 bc
1710 3016 1742 3093 S.
1769 3017 1890 3096 uene.

566 3123 673 3203 dicio
684 3119 811 3203 offert.
836 3118 1037 3203 Diaconus
1056 3143 1215 3201 manum
1223 3116 1417 3200 Desidetil
1433 3117 1601 3200 humeris
1610 3120 1811 3205 admotam
1822 3123 1889 3204 ha-

564 3232 663 3314 bens
682 3302 693 3335 ,
712 3233 865 3313 videtur
878 3225 950 3314 elle
971 3235 1052 3313 Leo
1074 3234 1140 3342 qui
1160 3230 1339 3311 codicem
1358 3225 1559 3342 exscripfit.

626 3349 673 3425 In
695 3342 771 3423 alio
793 3344 929 3423 codice
951 3346 1051 3455 paris
1076 3348 1197 3421 aetatis
1214 3410 1225 3445 ,
1241 3340 1432 3423 Monachi
1451 3369 1531 3421 non
1557 3340 1737 3422 cucullati
1757 3409 1768 3445 ‚
1787 3371 1830 3425 ut
1849 3349 1888 3426 in

567 3450 762 3535 schemate
783 3453 888 3535 vides
908 3519 920 3554 ,
939 3451 1198 3556 exhibentur,
1214 3448 1274 3533 sca
1302 3450 1399 3531 ulati
1416 3450 1586 3563 undique
1606 3449 1759 3555 clauso,
1780 3456 1888 3564 quod

566 3565 719 3676 pridem
739 3563 820 3644 aliis
845 3568 941 3643 item
966 3567 1006 3641 in
1033 3561 1231 3642 codicibus
1249 3479 1489 3642 observatum
1513 3563 1577 3643 est.
1613 3561 1762 3644 Eodem
1780 3565 1886 3645 cultu

558 3673 713 3757 exstant
728 3672 876 3753 ibidem
896 3670 1088 3755 Monachi
1112 3672 1262 3775 ‚labori
1277 3692 1462 3755 manuum
1477 3693 1884 3787 vacantes,ooeraque

563 3782 795 3866 deferentes.

621 3894 683 3974 Est
706 3893 850 3975 ibidem
872 3891 1073 3974 archivum
1092 3894 1244 3997 nobile,
1265 3890 1539 4005 diplomatibus
1553 3916 1652 4003 pene
1675 3898 1885 3976 innumeris

560 4004 787 4085 instrucium
805 4071 816 4106 ,
840 4029 1000 4085 curante
1017 4008 1069 4086 D.
1089 4001 1242 4086 Erafino
1259 4002 1448 4098 Gattola,
1465 4001 1650 4088 harumce
1668 4034 1798 4087 rerum
1814 4034 1881 4117 pe-

562 4116 744 4196 ritiffimo.
767 4120 803 4196 ls
818 4115 925 4194 dono
940 4113 1082 4195 obtulit
1101 4115 1210 4195 nobis
1227 4140 1301 4227 apo
1330 4112 1450 4225 rapha
1466 4114 1644 4223 quaedam
1663 4115 1880 4227 privilegio.

561 4256 649 4307 rum
670 4226 883 4308 Cannensis
901 4224 1071 4305 Abbatis.
1143 4257 1199 4305 ua:
1218 4144 1376 4338 quldgcm'
1394 4220 1610 4332 liujufinodi
1630 4222 1713 4305 sunt
1732 4292 1743 4326 ,
1763 4250 1805 4305 ut
1818 4232 1879 4304 vix

562 4334 698 4416 similia
717 4337 924 4416 Monachis
938 4334 1112 4417 con-celia
1141 4358 1304 4417 erantne
1323 4371 1332 4415 ε
1352 4344 1391 4417 bc
1409 4340 1498 4445 quia
1515 4354 1574 4417 res
1591 4336 1784 4447 singularis·
1803 4337 1878 4438 est,

562 4455 604 4528 ὅ(
631 4445 812 4525 hactenus
831 4449 973 4525 intadia
991 4445 1066 4527 sive
1081 4468 1219 4559 parurn·
1238 4441 1439 4528 obseruata
1458 4513 1468 4547 ,
1498 4464 1578 4525 non
1601 4449 1794 4558 ingratum
1823 4446 1878 4526 le-

557 4560 657 4637 ooo
686 4553 770 4638 fore
792 4552 983 4667 speramus
1002 4621 1013 4657 ,
1033 4557 1059 4638 ss
1086 4556 1263 4669 quaedam
1280 4552 1497 4667 hujusmodi
1519 4561 1559 4635 in
1579 4556 1751 4637 medium
1770 4554 1878 4636 adfe-

560 4689 707 4749 rantur.

616 4779 746 4857 luccat
783 4773 928 4855 Abbati
959 4775 1155 4859 Casrnenss
1180 4775 1341 4859 facultas
1370 4805 1418 4860 ex
1450 4775 1606 4857 subditis
1635 4777 1704 4856 suis
1729 4779 1876 4861 nobiles

1597 4892 1645 4968 ss
1677 4891 1701 4995 ij
