4180 5684
444 437 528 521 450
931 398 1122 490 Diiir'iim
1147 400 1345 494 Italicum.

448 533 588 611 nefarii
608 526 659 610 sui
678 551 771 609 tom.
791 556 821 630 3.
843 524 905 608 sed
926 527 1097 618 sudata,
1118 531 1169 605 ita
1190 553 1232 604 ut
1251 538 1426 634 Siini'ppii,
1442 545 1570 609 Firmo
1581 592 1592 624 ,
1611 544 1781 639 (stirpam,

449 642 593 723 habeat
613 640 678 721 ubi
698 710 709 744 ,
736 654 932 746 Menippu,
952 639 1126 742 farensi,
1156 650 1292 717 Cirrrto
1311 640 1475 750 legitur,
1497 652 1534 721 de
1554 641 1677 721 multa
1705 643 1780 722 aliu

449 752 767 852 vitiataadsemt,
788 750 965 861 qua-dam
987 756 1154 830 omittit.
1186 750 1276 828 Asia
1295 752 1406 829 addit
1426 757 1778 865 nuiuiiiaSpuniin,

450 895 561 977 quae,
582 892 716 945 amntu
733 867 936 941 murmurii
957 862 1098 963 frusto,
1117 892 1195 940 nim
1214 868 1469 972 reperiuntur.

508 981 549 1057 P.
571 1006 655 1081 377.
679 978 849 1053 Primam
870 970 1156 1085 inscriptionem
1180 974 1372 1052 Gruterus
1391 984 1429 1053 ἃ
1444 973 1780 1053 lubiciniiaddu.

449 1089 596 1187 lerunt,
611 1085 671 1165 sed
683 1090 854 1163 vitiatam
870 1112 1043 1195 uterque.
1066 1091 1256 1196 Baquates
1275 1111 1387 1165 erant
1401 1090 1644 1165 Mauritaniae
1655 1115 1776 1196 pupu-

448 1200 497 1299 h,
516 1229 611 1307 quus
629 1194 831 1291 βακουῶτας
848 1195 1078 1277 Ptolemais
1095 1221 1304 1308 nuncupat.

502 1312 542 1388 P.
561 1340 636 1413 391.
659 1316 753 1390 Sunt
771 1313 891 1420 quiin
910 1305 1078 1388 seeundii
1099 1306 1581 1419 schenrate‚lignariorum
1603 1332 1681 1383 nun
1704 1302 1777 1384 ser.

446 1425 634 1500 rariorum
652 1421 905 1502 instrumenta
931 1418 1130 1501 fabrorum
1152 1422 1311 1532 depingi
1329 1422 1517 1501 aestiment
1535 1453 1543 1497 ε
1563 1444 1778 1524 vocemque

445 1546 627 1617 femmas
646 1538 685 1611 in
705 1529 974 1646 inscriptione,
996 1562 1140 1612 nomen
1157 1562 1228 1644 pru
1259 1540 1356 1612 rium
1372 1531 1467 1632 effe,
1484 1556 1558 1608 nec
1579 1553 1703 1607 artem
1723 1532 1776 1605 in-

447 1644 587 1724 dicare.
617 1652 767 1725 Totum
787 1646 988 1759 prudentis
1011 1641 1161 1724 ledoris
1180 1562 1324 1753 judicio
1346 1645 1616 1757 permittimus.

445 1952 623 2082 Epistula
661 1950 882 2076 Doi‘sifflmi
914 1949 1006 2039 viri
1040 1950 1099 2043 D.
1137 1944 1337 2079 ‘Philippi
1374 1983 1400 2038 a
1433 1958 1559 2041 Turre
1598 1946 1676 2071 Epi
1694 1946 1776 2071 copi

513 2089 772 2207 tradidisti,
790 2089 840 2176 de
856 2115 981 2213 nuper
995 2113 1106 2176 emto
1126 2097 1253 2180 Rome
1268 2083 1397 2178 nobili
1410 2109 1675 2173 monumenta.
1707 2098 1772 2176 Ex

515 2226 656 2320 Italian
676 2226 848 2353 vulgari
865 2224 1055 2314 idiomate
1075 2215 1220 2315 Larini>
1243 2226 1366 2345 versti
1381 2262 1405 2312 a
1419 2237 1472 2315 D.
1492 2233 1539 2314 B.
1557 2218 1608 2309 de
1633 2232 1771 2310 Mona.

502 2361 679 2493 simron,
705 2362 766 2450 rui
780 2361 942 2492 epistola
964 2358 1085 2490 miffii.

855 2573 971 2640 Romae
994 2578 1040 2641 18.
1060 2575 1155 2643 Junii
1177 2594 1261 2639 anno
1287 2592 1381 2657 1702.

555 2746 592 2822 U
608 2774 640 2825 M
671 2745 800 2825 mustis
829 2743 1160 2826 necessitudinibus
1179 2743 1386 2931 implicitus
1406 2738 1620 2855 profectum
1644 2766 1767 2819 meun·

559 2862 688 2938 Roma
709 2856 944 2957 distulerim,
965 2883 1152 2968 pergratae
1175 2862 1226 2934 mi
1244 2860 1268 2932 ii
1293 2883 1413 2933 mura:
1429 2852 1548 2933 hodie
1570 2852 1773 2954 videntur3

446 2998 537 3046 nam
556 2968 677 3078 pridie
709 2997 825 3077 quam
854 2974 925 3047 iter
955 2961 1173 3078 capessam,
1202 2965 1375 3043 oblatam
1402 2963 1497 3042 milii
1529 2962 1772 3041 occafionem

447 3076 666 3179 scribendi,
692 3082 852 3189 perinde
871 3080 941 3158 tibi
965 3105 1166 3189 acceptam
1186 3103 1302 3186 atque
1333 3076 1427 3154 mihi
1452 3073 1663 3182 jucundam
1691 3070 1775 3152 fure

446 3191 633 3271 existimo,
654 3193 791 3301 Agitur
812 3193 861 3271 de
878 3217 1135 3270 monumento
1157 3188 1262 3301 quod
1275 3192 1409 3298 viginti
1422 3186 1677 3264 hinccireiter
1693 3183 1774 3263 die-

447 3302 518 3381 bus
537 3307 662 3412 primo
683 3330 705 3380 a
726 3305 843 3382 Porta
864 3305 1007 3408 Maiori
1028 3302 1155 3412 lapide
1180 3294 1461 3409 deprehensum
1489 3295 1554 3377 est.
1590 3299 1635 3375 In
1649 3379 1650 3382 ,
1664 3299 1775 3373 vinea

449 3420 564 3524 igitur
584 3414 753 3525 quadam
774 3416 924 3494 detecta
944 3412 998 3493 est
1017 3442 1113 3491 urna
1140 3412 1327 3523 grandior
1354 3434 1574 3488 marmorea
1595 3474 1607 3507 ,
1628 3411 1668 3484 in
1697 3435 1774 3515 qua

449 3526 527 3603 tela
544 3552 591 3605 ex
610 3529 794 3605 Amianto
815 3524 1012 3627 cunsesta3
1033 3523 1087 3604 est
1106 3523 1171 3602 lini
1191 3551 1310 3633 genus
1329 3520 1435 3631 quod
1454 3517 1643 3598 Asbeston
1661 3518 1771 3595 Grae.

448 3642 483 3714 ci
502 3642 675 3715 vocitant
695 3673 702 3715 :
726 3635 804 3716 tela
830 3665 923 3716 vero
951 3636 1086 3748 palmis
1118 3639 1306 3717 Romanis
1331 3660 1475 3713 novem
1504 3629 1772 3740 longitudine,

448 3744 591 3857 septem
612 3747 837 3851 latitudine,
856 3754 936 3859 pari
951 3752 1101 3827 ratione
1114 3740 1522 3856 atqueliodiernatesa
1535 3740 1666 3820 nostra
1676 3766 1772 3819 con·

449 3864 612 3959 texitur,
632 3859 701 3938 filis
719 3927 729 3959 ,
750 3860 971 3939 cannabinae
991 3856 1078 3940 telae
1095 3886 1226 3957 more,
1246 3854 1505 3955 densioribus3
1536 3848 1599 3933 sed
1620 3847 1683 3930 usu
1704 3851 1774 3930 de·

450 3976 542 4050 trita
560 3966 791 4077 maculisque
812 3967 973 4081 respersa
992 3970 1048 4051 est
1070 4037 1081 4070 ‚
1108 3969 1210 4079 quafi
1235 3968 1313 4048 tela
1332 3967 1383 4045 ad
1403 3969 1668 4074 coquinariam
1687 3990 1771 4041 rem

450 4081 646 4193 deputata.
690 4082 828 4191 Estque
856 4081 931 4192 ipsa
951 4082 1207 4181 tranabinor,
1228 4083 1329 4158 tastu
1362 4105 1408 4156 ue
1428 4076 1559 4154 lenior
1582 4073 1660 4184 ipsu
1685 4072 1770 4153 seri.

451 4224 498 4272 co
517 4221 657 4302 panno,
692 4196 736 4270 In
757 4192 835 4272 teia
857 4190 1035 4272 conclusa
1051 4218 1162 4273 erant
1180 4190 1277 4291 ossa,
1298 4108 1451 4299 ipsaque
1480 4185 1647 4265 calvaria
1671 4248 1681 4284 ,
1708 4181 1772 4263 sed

448 4304 582 4383 adusta
608 4309 739 4383 omnia
761 4349 770 4405 5
798 4329 840 4381 ut
862 4304 957 4382 niliis
976 4304 1082 4383 dubii
1101 4301 1213 4382 subsit
1239 4301 1406 4379 cadaver
1423 4296 1501 4376 tela
1527 4291 1711 4373 inclusum
1733 4301 1771 4372 in

448 4446 587 4527 rogum
605 4419 783 4524 injectum
803 4414 925 4515 fuisse,
944 4441 985 4493 ut
1004 4410 1206 4493 consumto
1224 4438 1388 4521 corpore
1401 4405 1587 4515 illaesaque
1599 4405 1698 4504 teia,
1718 4409 1772 4483 in-

450 4526 541 4606 clusi
559 4534 703 4606 cineres
724 4525 802 4605 non
819 4532 1120 4635 circumquaque
1137 4522 1423 4633 spargerentur,
1443 4545 1568 4626 euque
1589 4522 1663 4595 ritu
1679 4546 1770 4595 con-

452 4638 636 4718 derentur
653 4644 692 4716 in
709 4639 978 4749 Sarcopliag03
998 4662 1040 4714 ut
1059 4640 1176 4715 muris
1195 4659 1279 4714 erat
1302 4637 1403 4709 viros
1420 4629 1582 4739 infignes
1604 4630 1768 4815 antiqpi-

451 4773 510 4825 tus
530 4744 696 4859 sepelire.
731 4754 852 4831 Hunc
875 4774 1004 4828 aurem
1024 4776 1046 4827 e
1065 4751 1252 4859 primariis
1271 4774 1315 4824 ac
1337 4744 1525 4853 dignitate
1545 4738 1698 4820 clariori
1729 4766 1769 4815 us
