4414 5692
1028 398 1597 532 caputderimumoli'avum.
1889 461 1958 547 251

627 527 719 638 goel
740 526 904 611 deduxit
917 528 968 611 ad
988 534 1140 614 vineam
1158 525 1261 612 suam
1281 554 1393 613 extra
1408 557 1565 721 portam
1586 539 1834 628 portuensem
1856 617 1867 649 ,
1887 554 1955 662 pilss
1979 576 2005 612 <r

630 640 715 719 tini
731 642 854 721 nobili
873 642 1110 723 decoratam.
1133 642 1303 754 Reliqua
1321 642 1401 723 duo
1431 642 1863 739 abraconfradaerant.
1883 666 1952 743 En.
1978 686 2004 725 u

624 778 713 829 rum
734 753 967 833 diametrum
982 757 1141 857 triginta
1155 758 1308 835 circiter
1317 754 1690 867 palmorunr'erat,(
1705 769 1745 843 td
1765 776 1808 865 cli
1828 805 1879 850 20,
1897 800 1952 865 nc.
1977 795 2001 833 (ε

624 864 705 938 dum
725 876 889 975 regiorum
907 872 928 972 )
957 844 1265 978 videliamurque
1284 862 1431 978 singula
1449 867 1650 984 eleganter
1669 884 1710 959 &
1723 876 1871 963 affabre
1883 868 1952 964 eiu„
1976 906 2001 943 ‘⁸

620 967 710 1053 lilla.
1975 1018 2001 1055 tc

674 1086 998 1170 Ftnururus
1031 1094 1241 1172 Vnccn.
1270 1094 1437 1173 Memini
1457 1094 1513 1172 Pii
1544 1099 1621 1180 IV.
1648 1124 1854 1214 tempore,
1886 1103 1951 1188 sub
1973 1128 1999 1167 u

616 1192 764 1303 palatio
782 1196 878 1279 olim
895 1198 1111 1280 Cardiualis
1125 1200 1175 1281 de
1187 1199 1785 1316 Valle,multazophororum&
1798 1217 1945 1298 colum.
1971 1239 1997 1277 “

616 1331 757 1388 narum
773 1306 993 1422 fragmenta
1010 1378 1021 1410 ,
1041 1338 1196 1391 necnon
1215 1313 1397 1423 capitella
1409 1316 1785 1407 Corinthiadetccla.
1797 1332 1843 1407 Et
1856 1336 1945 1440 quia
1968 1351 1994 1390 “

617 1412 779 1499 thermis
798 1424 970 1503 Neronis
989 1421 1188 1503 hrcrebant
1208 1491 1218 1526 ,
1240 1432 1280 1506 δέ
1295 1450 1345 1505 ex
1363 1454 1560 1510 marmore
1579 1428 1724 1542 saligno
1744 1440 1942 1543 confecia,
1967 1462 1992 1501 ‘<

611 1554 694 1717 quo
716 1525 866 1643 semper
888 1538 1091 1613 marmoris
1117 1543 1320 1644 genere&
1338 1563 1421 1617 non
1443 1535 1519 1616 alio
1543 1534 1625 1619 usus
1644 1543 1699 1623 est
1719 1550 1758 1624 in
1775 1551 1942 1633 adificiis
1965 1573 1990 1610 “

630 1642 683 1718 uis
702 1643 814 1722 Nero
831 1708 842 1745 ,
863 1643 953 1723 ideo
970 1642 1117 1724 aestimo
1138 1644 1222 1724 haee
1238 1672 1495 1730 monumenta
1513 1651 1565 1730 ad
1585 1651 1754 1735 thermas
1765 1687 1843 1762 ejus
1853 1691 1938 1771 per-
1964 1683 1990 1719 “

613 1748 770 1833 unuiss'e.
795 1756 841 1834 In
858 1754 916 1834 his
933 1760 1110 1838 immanis
1131 1752 1366 1868 spiffitudinir
1383 1758 1634 1870 capitellum,
1668 1795 1746 1877 quo
1767 1774 1806 1847 in
1823 1800 1939 1883 porta
1963 1792 1987 1831 ‘⁴

611 1862 680 1939 Pia
698 1930 707 1961 ,
732 1857 807 1942 seul
837 1866 946 1946 endis
964 1865 1126 1947 historiis
1145 1869 1202 1947 Pii
1217 1871 1285 1948 IV.
1303 1870 1357 1947 usi
1375 1866 1469 1953 sunt.
1698 1901 1700 1906 ’
1962 1903 1988 1940 u

666 1893 874 2055 Recordor
893 1981 1067 2087 proxime
1085 1976 1360 2091 frontispicium
1381 1984 1553 2063 Neronis
1563 1984 1840 2096 deprehenfim
1856 1992 1937 2073 suis.
1960 2013 1986 2049 “

613 2079 649 2162 se
679 2082 1011 2167 columnationem
1030 2089 1244 2199 grandem,
1265 2118 1452 2199 quantam
1470 2122 1683 2204 numquam
1701 2100 1802 2201 vidi,
1824 2103 1846 2182 st
1858 2102 1935 2213 spe.
1958 2124 1984 2163 ‘c

608 2198 733 2273 cietur
751 2190 941 2306 spiffitudo
958 2196 1202 2309 altitudoque
1222 2228 1460 2283 marmorum
1473 2270 1484 2305 ‚
1497 2203 1687 2286 colunum
1701 2236 1843 2291 novem
1852 2216 1934 2323 pal-
1957 2232 1982 2271 “

611 2333 765 2385 morum
799 2320 811 2410 (
831 2333 853 2386 a
874 2307 1095 2407 diametro)
1124 2322 1267 2410 erant(
1286 2310 1328 2389 id
1354 2312 1409 2392 est
1427 2379 1438 2413 ,
1458 2309 1520 2394 sex
1543 2320 1739 2426 regiorum
1759 2324 1933 2432 pedum)
1958 2344 1982 2379 “

607 2414 838 2526 stupendum
861 2417 1083 2499 edificium!
1104 2447 1151 2500 ex
1170 2419 1245 2500 istis
1255 2450 1372 2531 porro
1385 2422 1572 2504 columnis
1583 2427 1705 2507 multa
1717 2459 1935 2540 operatori·
1957 2455 1982 2490 ‘³

605 2524 706 2607 lecta
725 2525 836 2631 sunt,
861 2536 1039 2639 interque
1058 2529 1132 2610 alia
1149 2529 1425 2643 frontispicium
1439 2535 1595 2645 capellae
1606 2540 1822 2621 Car-douln
1834 2546 1932 2626 Cesri
1956 2565 1981 2601 “

604 2641 644 2715 in
664 2642 696 2719 S.
716 2644 844 2721 illaria
865 2643 1029 2749 lllrjore.
1057 2645 1112 2722 Ex
1132 2637 1217 2722 base
1236 2669 1355 2754 porro
1373 2646 1542 2753 quadam
1563 2714 1574 2748 ,
1593 2647 1711 2730 faetus
1728 2651 1783 2731 est
1805 2682 1932 2737 crater
1955 2674 1980 2711 ⁶<

603 2746 721 2829 sontis
740 2752 876 2862 platee
893 2753 941 2833 de
961 2753 1113 2865 Populo
1140 2796 1150 2854 3
1171 2780 1219 2833 ex
1239 2752 1361 2832 altera
1380 2779 1506 2836 crater
1524 2757 1661 2869 plateae
1681 2763 1928 2871 Judaeorum,
1954 2784 1978 2821 “

601 2890 689 2970 que
706 2891 824 2972 opera
843 2889 890 2944 ex
911 2890 1104 2943 marmore
1123 2862 1276 2974 Saligno
1296 2890 1417 2945 erant.
1952 2893 1978 2933 (ι

657 2977 700 3051 N
704 3004 753 3050 on
780 2974 915 3085 procul
937 2972 1186 3084 hine,platea
1206 2974 1333 3055 visitur
1353 2978 1622 3057 Romanarum
1649 2986 1823 3064 onmium
1845 3016 1927 3067 am.

601 3082 757 3193 plirlima
773 3153 783 3183 ,
801 3090 862 3163 eui
882 3085 1000 3166 hodie
1016 3090 1186 3165 Navona
1202 3112 1348 3165 nomen
1361 3155 1371 3187 ,
1383 3092 1564 3196 proximis
1581 3085 1721 3169 seculis
1741 3099 1781 3173 in
1801 3096 1929 3177 diariis

602 3200 991 3305 RomanisNagona,
1014 3204 1051 3275 &
1067 3196 1596 3309 Nagonedieebatur,atque
1608 3205 1660 3280 ita
1672 3205 1926 3313 appellatura

589 3305 743 3415 jacobo
766 3309 993 3415 Laur0,qui
1018 3311 1214 3387 Romanas
1238 3313 1484 3418 antiquitates
1501 3305 1632 3390 incisas
1661 3318 1724 3391 teri
1747 3318 1925 3401 edidit&

601 3416 807 3525 explicant
829 3454 837 3495 ε
858 3412 1018 3525 sequiori
1038 3414 1180 3497 scilieet
1196 3446 1278 3496 :tvo
1298 3421 1338 3498 in
1358 3423 1497 3531 Agone
1524 3422 1751 3526 dicebatur,
1783 3433 1924 3514 exinde

599 3534 731 3605 uitiato
761 3534 917 3607 nomine
943 3533 985 3607 N
989 3557 1113 3609 arrone
1128 3596 1137 3628 ,
1153 3529 1295 3610 deinde
1311 3531 1465 3642 plebeio
1485 3527 1548 3610 usu
1567 3538 1737 3615 Navona
1754 3545 1923 3621 vocitata

597 3635 677 3719 rint.
696 3645 840 3761 Neque
862 3600 1074 3720 audiendus
1095 3641 1293 3722 Nardinus
1309 3710 1319 3742 ,
1337 3647 1401 3751 qui
1420 3646 1560 3749 rejeclo
1578 3672 1763 3755 germano
1775 3677 1921 3759 etymo,

597 3777 620 3827 a
640 3756 745 3829 navia
768 3766 894 3830 torma
912 3778 1028 3861 quam
1046 3750 1226 3861 preferre
1245 3754 1629 3853 ridetur,Navonam
1643 3761 1805 3838 vocitari
1817 3791 1922 3842 com.

597 3888 748 3940 mentm
766 3861 830 3942 cll.
852 3865 905 3942 Ea
923 3866 1014 3942 circi
1030 3861 1226 3972 hodieque
1244 3861 1410 3943 formam
1431 3871 1572 3946 retinet
1592 3932 1603 3965 ,
1622 3864 1671 3944 ab
1690 3868 1919 3952 Alexandro

595 3976 736 4053 Severo
757 3975 850 4052 olim
872 3977 979 4082 juxta
996 3973 1165 4054 thermas
1182 3971 1261 4051 suas
1281 3973 1503 4055 constructa.
1519 3979 1586 4055 De
1606 3975 1777 4057 fontibus
1797 4049 1807 4079 ,
1831 3984 1920 4061 aedi.

593 4080 664 4161 bus
683 4083 1089 4197 magnificis,eceles1a
1106 4088 1139 4165 S.
1159 4085 1457 4273 Apnetis,queis
1467 4113 1512 4166 ca
1522 4112 1753 4187 exornatur,
1779 4093 1917 4173 adeon.

593 4219 656 4271 tur
667 4201 855 4277 Romane
866 4195 1064 4276 hodiernae
1074 4223 1188 4276 recen
1206 4223 1319 4275 ronta.

648 4312 756 4388 Pone
777 4312 987 4387 Naronem
1013 4306 1213 4418 plateam,
1237 4311 1339 4385 inter
1357 4306 1532 4387 ecelefiaa
1551 4310 1592 4387 Β.
1615 4314 1747 4388 illaria:
1759 4310 1912 4390 ticam.

591 4448 676 4519 ma,
696 4427 735 4498 &
752 4423 793 4498 B.
815 4422 948 4500 Mariae
964 4418 1012 4499 de
1031 4421 1160 4518 Pace,
1181 4415 1357 4529 quadam
1374 4447 1457 4496 aevo
1477 4417 1649 4497 Flaminii
1677 4419 1909 4530 deprehensa

590 4529 685 4611 sunt.

643 4645 670 4719 F
694 4668 714 4718 r.
738 4670 763 4717 n
788 4668 821 4719 ru
839 4667 853 4717 r
872 4665 999 4719 urus
1042 4644 1118 4718 Vn
1133 4664 1250 4716 cen.
1281 4637 1344 4716 Ad
1365 4633 1530 4717 fandum
1547 4638 1743 4718 Thomnm
1766 4648 1845 4716 rel
1865 4678 1907 4720 ca
1930 4681 1955 4719 u

593 4750 767 4833 Paruum
785 4746 919 4854 lujat-e
933 4752 1093 4848 tuditis)
1114 4746 1256 4825 viculus
1273 4745 1436 4856 est,quo
1458 4752 1533 4826 itur
1550 4748 1598 4826 ad
1618 4754 1657 4825 B.
1673 4753 1839 4830 Mariam
1854 4754 1904 4833 de
1927 4795 1950 4828 u

1648 4859 1686 4935 [1
1711 4861 1734 4964 l}
