4264 5684
914 388 1044 520 Caput
1061 385 1273 520 stprr‘mum.
1677 432 1741 490 101

437 519 727 636 anaglyphorurn
752 517 800 598 ab
824 514 902 596 imo
922 518 971 596 ad
992 518 1176 602 summum
1194 520 1381 600 ornatur*
1392 547 1544 630 pyrgus,
1566 523 1604 602 in
1623 528 1742 635 primo
1761 540 1873 621 *πόρε

435 636 566 716 ordine
583 634 642 711 sex
661 658 750 710 oves
769 628 916 734 sculptae
933 624 1039 727 sunt,
1054 632 1090 707 in
1108 628 1270 709 secundo
1289 629 1350 708 sex
1370 658 1553 737 pavones,
1573 636 1610 711 in
1630 638 1741 714 terrio

436 747 537 823 cervi
556 738 739 836 totidem,
759 740 799 816 in
821 762 951 841 quarto
971 739 1155 820 columbae
1181 739 1312 819 eodem
1339 765 1527 838 numero,
1555 744 1591 819 in
1609 746 1740 847 quinto

435 850 498 930 sex
517 873 664 943 anates,
683 851 722 925 in
743 844 847 923 sexto
866 843 1101 924 tantumdem
1115 845 1282 955 piscium.
1312 848 1407 926 Haec
1427 875 1558 927 arcana
1576 850 1741 954 quadam

434 961 577 1038 ratione
591 958 637 1035 src
657 953 858 1062 composita
876 953 983 1048 stant,
1007 978 1119 1058 quam
1140 981 1209 1032 nec
1225 957 1318 1034 libet
1335 981 1403 1034 nec
1413 982 1519 1033 vacat
1536 962 1739 1062 exquirere.

487 1068 569 1173 Ipsa
589 1064 650 1142 die
670 1063 918 1170 baptisterium
933 1063 1215 1141 Catholicorum
1232 1062 1468 1160 adiimus,s1c
1482 1063 1741 1163 diclumssaej:

435 1174 678 1260 arramato*
696 1169 892 1277 baptisterii
911 1169 1167 1249 Atrianorum.
1204 1173 1267 1252 1².st
1281 1197 1405 1248 autem
1424 1169 1538 1278 figura
1559 1174 1742 1281 oclangu-

433 1286 543 1379 lum,
573 1284 671 1359 intus
698 1303 868 1356 ornatum
887 1303 1070 1354 marmore
1090 1281 1204 1356 varin.
1239 1282 1282 1358 In
1305 1276 1431 1355 medio
1456 1279 1574 1355 exstat
1601 1283 1742 1385 piscina

431 1391 523 1467 item
538 1390 731 1496 oclangula
751 1443 762 1473 ,
786 1384 853 1463 ubi
870 1385 1000 1491 opinio
1020 1385 1072 1466 est
1095 1387 1319 1494 baptismum
1338 1388 1431 1463 olim
1451 1411 1521 1491 per
1540 1389 1741 1466 immerso·

434 1522 519 1572 nem
539 1500 718 1574 collatum
738 1489 855 1570 fuisse.

484 1605 632 1714 Quarta
661 1600 882 1707 Septembris
907 1600 945 1677 in
963 1602 1153 1680 archivum
1183 1601 1339 1681 ecclesrae
1360 1598 1595 1682 Cathedtalis
1621 1598 1739 1680 dedu·

432 1711 572 1806 cimur,
592 1707 657 1787 ubi
678 1703 848 1813 quaedam
869 1710 1110 1813 excerpsimus
1130 1707 1195 1785 suo
1213 1714 1299 1789 loco
1321 1708 1558 1817 publicanda.
1593 1708 1741 1787 Paucis-

428 1818 514 1896 fima
539 1816 623 1895 sunt
646 1815 793 1895 archiva
820 1838 877 1892 tot
903 1814 1168 1921 diplomatibus
1194 1817 1286 1896 varii
1336 1818 1453 1894 enetis
1473 1815 1665 1919 aetatisque
1686 1816 1740 1894 in·

429 1924 574 2003 structa:
587 1952 748 2029 quotum
767 1927 979 2031 catalogum
1001 1927 1252 2029 peramplum,
1265 1848 1396 1999 addito
1411 1919 1584 2027 cujusque
1602 1921 1738 2005 chartae

427 2032 672 2139 compendio,
687 2033 811 2109 nauus
834 2028 927 2109 sum.
956 2032 1091 2110 Isthinc
1111 2028 1369 2108 descendimus
1390 2029 1427 2103 in
1451 2035 1632 2136 capellam
1657 2028 1678 2104 a
1699 2034 1736 2109 S.

425 2137 466 2217 P.
490 2141 729 2247 Chrysologo
750 2134 1042 2236 exaedificatam,
1070 2163 1113 2217 ut
1136 2136 1249 2215 sidem
1271 2133 1364 2215 facit
1392 2160 1673 2244 monogramma
1696 2140 1735 2215 in

422 2239 565 2323 fornice
580 2248 758 2353 positum,
773 2244 914 2324 mufivo
927 2258 965 2326 δι
976 2246 1153 2327 tessellato
1171 2273 1292 2352 opere.
1316 2241 1453 2318 Visrtur
1475 2243 1615 2321 ibidem
1630 2241 1732 2322 ebut-

423 2381 493 2432 nea
511 2353 684 2433 cathedra
707 2356 861 2457 antiqua
876 2355 1090 2455 anaglyphis
1103 2373 1253 2447 emata,
1270 2373 1382 2452 quam
1403 2342 1621 2429 ferunrusui
1640 2352 1733 2432 olim

422 2454 527 2538 fuisse
547 2459 843 2563 Archiepiscopis
864 2455 1168 2535 Ravennensrbus.

477 2564 650 2644 Adiimus
668 2568 757 2640 item
768 2560 955 2642 ecclesiam
976 2564 1255 2641 Canonicorum
1275 2562 1512 2671 Regulatium
1524 2623 1536 2659 ,
1557 2568 1729 2646 omnium

423 2700 487 2779 per
497 2675 636 2752 Urbem
655 2666 978 2777 elegantissimam,
998 2672 1196 2748 monstrant
1211 2672 1289 2747 istic
1302 2673 1579 2748 tabernaculum
1593 2674 1729 2776 lapidi·

424 2783 660 2886 buspreriosrs
672 2780 710 2852 in
722 2775 873 2853 tabellas
885 2773 985 2853 seclis
1004 2777 1182 2853 vestitum.
1202 2783 1246 2857 In
1260 2779 1527 2856 cimeliarchio
1548 2780 1729 2859 exhibent

420 2915 483 2965 vas
502 2891 632 2993 ingens
651 2883 983 2989 porphyreticum,
1014 2885 1053 2958 in
1076 2909 1152 2985 quo
1175 2886 1278 2962 aiunt
1296 2886 1436 2990 nuptiis
1467 2885 1504 2959 in
1522 2886 1629 2963 Cana
1648 2888 1729 2963 Ga-

420 2994 522 3072 lilaeae
541 2992 746 3085 celebratis,
759 3014 892 3092 aquam
910 2991 947 3065 in
964 2990 1090 3067 vinum
1102 3015 1285 3068 mutatam
1304 2986 1423 3069 fuisse.
1444 2994 1583 3068 Verum
1596 2991 1725 3071 admo·

420 3098 512 3177 dnm
530 3099 661 3178 robusti
685 3098 915 3201 pocillatotet
936 3092 1039 3175 suere
1066 3099 1131 3203 qui
1149 3097 1234 3176 vasa
1249 3095 1462 3200 hujusmodi
1487 3124 1624 3177 vertere
1639 3102 1722 3206 pos-

421 3208 522 3285 sent:
541 3233 628 3283 nam
647 3204 708 3280 etsr
724 3231 879 3281 vacuum
900 3203 1042 3281 nonnifi
1064 3230 1202 3314 magno
1224 3232 1361 3283 conatu
1380 3209 1523 3284 moveri
1547 3210 1632 3283 loco
1652 3236 1722 3313 po-

420 3315 489 3391 test
519 3315 576 3390 vel
600 3310 620 3391 a
641 3311 828 3407 nervosis,
860 3310 1059 3413 sublimem
1080 3337 1204 3391 autem
1229 3310 1401 3419 hydriam
1422 3310 1630 3415 hujusmodi
1659 3316 1723 3394 vel

420 3444 576 3496 vacuam
599 3416 732 3496 ducere
761 3419 919 3524 gigantis
942 3419 1003 3494 est.
1044 3420 1156 3498 Porro
1184 3419 1231 3496 ab
1261 3423 1336 3500 ima
1366 3443 1468 3526 patre
1493 3416 1719 3522 perforatum

419 3551 482 3603 vas
504 3523 574 3601 firit
589 3563 599 3613 5
613 3523 860 3621 metu,aiebat
875 3526 1157 3624 Cimeliarchus‚
1169 3528 1361 3607 Gallorum
1380 3528 1654 3622 incursantium,
1672 3554 1719 3606 ne

418 3635 598 3711 violarent
617 3659 694 3711 tam
712 3628 915 3734 pretiosum
931 3637 1084 3742 pignus;
1101 3633 1141 3712 in
1160 3635 1316 3741 illosque
1337 3630 1440 3712 frasli
1462 3634 1600 3709 cimelii
1623 3635 1719 3713 invi·

419 3736 520 3818 diam
546 3738 749 3818 derivabat.

474 3848 638 3950 Septima
654 3844 817 3947 ejusdem
828 3843 956 3922 mensis
970 3844 1084 3928 rhedai
1094 3850 1260 3929 vehimur
1276 3846 1324 3926 ad
1334 3848 1600 3927 Monasterium
1611 3849 1717 3928 Clas·

419 3950 539 4050 sense,
561 3959 663 4056 cujus
686 3951 834 4032 videndi
853 3959 1085 4057 appetentior
1100 3979 1214 4057 eram,
1232 3959 1323 4036 olim
1340 3958 1620 4036 celeberrimum
1640 3960 1716 4056 jam

420 4088 508 4137 vero
529 4059 711 4138 desertum
735 4064 822 4165 quia
844 4060 1023 4142 insalubre
1042 4061 1256 4145 admodum.
1292 4063 1450 4143 Ecclesia
1470 4065 1599 4172 viginti
1621 4089 1714 4165 qua·

421 4193 504 4245 tuor
523 4162 702 4246 columnis
719 4196 763 4245 ex
781 4195 960 4246 marmore
972 4172 1103 4249 Graeco
1122 4170 1226 4251 fulta.
1254 4173 1358 4277 Apsrs
1373 4197 1482 4275 opere
1499 4170 1649 4267 musivo,
1662 4168 1714 4246 ita

420 4280 581 4382 eleganti
609 4282 776 4354 colorum
804 4278 928 4355 nativa
949 4278 1222 4383 pulchritudine
1254 4304 1298 4356 ut
1324 4280 1418 4357 nihil
1451 4275 1563 4383 snpra.
1619 4272 1712 4355 Inde

419 4386 604 4489 pergimus
628 4384 674 4463 ad
702 4386 890 4463 ecclesiam
910 4384 946 4461 S.
962 4385 1093 4465 Mariae
1114 4384 1317 4467 Portucnsrs
1339 4388 1616 4465 Canonicorum
1636 4385 1712 4457 Re-

420 4492 620 4592 gulatium,
641 4491 802 4570 secundo
818 4494 908 4570 item
931 4493 979 4571 ab
998 4494 1089 4573 urbe
1113 4498 1304 4588 milliario,
1327 4522 1409 4599 quae
1436 4490 1574 4569 deserta
1590 4491 1642 4567 est
1659 4487 1711 4565 ob

419 4595 677 4703 intemperiem
696 4603 787 4679 caeli.
811 4601 969 4684 Ecclefia
995 4607 1097 4685 nullo
1114 4607 1187 4686 alio
1204 4603 1405 4713 spectabilis
1433 4596 1668 4788 qlpl1amquod
1690 4596 1713 4677 ὶ

1508 4737 1549 4818 ιι)
