4264 5684
967 498 1093 613 Caput
1120 515 1276 577 nonum.
1709 525 1763 603 131

531 616 679 697 Ibidem
699 612 885 724 templum
905 611 1032 691 visitur
1050 618 1082 692 S.
1103 614 1206 693 Petri
1232 610 1282 690 ad
1303 606 1624 710 vincula;catenis
1649 618 1763 688 man.

467 725 533 804 mit
553 730 586 805 S.
606 730 730 825 Petri,
749 721 1044 833 sepulchroJulii
1064 752 1117 801 11.
1135 717 1286 831 aliisque
1314 718 1410 799 bene
1436 717 1589 819 multis,
1616 714 1678 798 sed
1698 715 1761 796 ulit

466 833 611 945 vulgari
630 839 743 933 tritis,
764 828 959 911 famosum.
979 832 1241 911 Pavimentum
1254 823 1762 937 frustisinl'criptionumhinc

463 952 501 1021 δε
518 943 609 1023 inde
625 936 858 1053 conspersum
873 986 883 1042 5
901 967 1015 1018 unam
1034 969 1117 1050 quae
1135 938 1267 1017 mutila
1286 937 1339 1020 est
1364 941 1454 1018 erui.
1472 935 1607 1046 Estque
1629 936 1761 1015 Cardi-

462 1050 556 1127 nalis
573 1047 764 1159 cujusdam
776 1047 1007 1151 Galii,titulo
1018 1055 1051 1132 S.
1063 1047 1389 1148 Petriinvincula,
1400 1045 1449 1127 ab
1466 1041 1602 1125 saeculis
1611 1043 1759 1155 aliquot

464 1155 640 1242 defundi.

588 1386 742 1458 Francia
758 1404 812 1451 me
834 1374 963 1469 docuit,
980 1370 1078 1449 tellus
1096 1380 1289 1476 Aquitana
1307 1384 1468 1474 creavit,

615 1495 730 1564 Roma
752 1495 963 1564 Catenarum
976 1480 1157 1585 praepoſstit
1179 1479 1287 1557 titulo.

579 1593 773 1699 Relligione
784 1590 848 1688 fici
873 1596 984 1665 tenuis
1000 1600 1131 1667 terrena
1144 1587 1321 1694 sequendo.

525 1810 553 1884 F
563 1806 594 1883 L
607 1806 772 1883 ΑΜΙΝ
784 1806 801 1882 l
813 1804 881 1883 US
909 1800 1134 1887 VACCA.
1153 1802 1385 1909 Frequenter
1405 1801 1481 1880 vidi
1511 1827 1762 1885 cumexcava-
1781 1850 1807 1887 ιι

462 1939 548 1992 rent
574 1917 613 1989 in
627 1911 785 1991 thermis
812 1916 920 2009 Titi,
955 1912 1018 1989 ubi
1033 1912 1109 2017 jam
1128 1907 1237 1986 situm
1272 1910 1325 1988 est
1344 1909 1618 1990 Monasterium
1640 1919 1675 1993 S.
1693 1918 1762 1995 Pe·
1781 1957 1806 1993 ιι

464 2028 511 2097 tri
540 2027 579 2099 in
605 2020 782 2121 vinculis,
798 2012 944 2099 effollas
962 2020 1099 2128 figuras
1116 2015 1329 2124 complures
1353 2045 1604 2118 marmoreas,
1623 2031 1661 2101 ὅ(
1679 2022 1760 2102 inli-
1781 2066 1806 2101 ιι

461 2135 540 2206 nita
558 2153 785 2207 ornamenta
805 2154 852 2207 ex
886 2128 1034 2235 quadro
1053 2150 1266 2223 marmore,
1294 2152 1377 2231 quae
1403 2127 1526 2234 siquis
1546 2129 1660 2208 vellet
1670 2158 1759 2209 enu-
1780 2174 1805 2209 ιι

461 2264 606 2316 merare
623 2242 662 2314 in
684 2238 840 2346 pelagus
855 2237 1151 2345 demergeretur.
1177 2230 1251 2311 Sed
1269 2230 1367 2312 faeta
1395 2262 1497 2311 nunc
1527 2235 1580 2314 est
1605 2237 1759 2345 profnn-
1780 2281 1805 2316 ιι

460 2345 602 2421 diffima
618 2342 760 2445 fovea,
791 2372 837 2422 ex
868 2372 943 2454 qua
969 2338 1314 2436 commonstratur,
1338 2366 1426 2421 ante
1452 2341 1652 2421 exstruelas
1676 2350 1759 2424 Titi
1781 2387 1806 2421 ιι

461 2452 627 2530 thermas
647 2455 765 2557 majus
787 2451 867 2529 illic
888 2450 1087 2528 aedificium
1112 2444 1232 2526 fuille:
1246 2455 1284 2525 ὅ(
1300 2447 1376 2525 hoc
1400 2451 1758 2558 temporepulclier-
1782 2494 1806 2529 ιι

459 2564 555 2637 rima
581 2558 749 2668 epistylia
765 2564 888 2638 ereda
906 2553 1017 2657 sunt,
1044 2556 1092 2634 ad
1115 2553 1319 2635 Ecclesiam
1330 2556 1458 2665 jesus,
1486 2559 1667 2637 ornandae
1694 2588 1754 2637 ca-
1781 2602 1804 2637 ιι

459 2667 568 2776 pella:
584 2667 755 2746 deducta.
774 2666 937 2745 AEstimo
957 2664 1033 2745 tale
1063 2662 1263 2742 aedificium
1294 2659 1506 2773 pertinuille
1525 2666 1575 2743 ad
1595 2666 1754 2747 domum
1780 2710 1804 2746 ιι

460 2802 613 2853 auream
635 2778 812 2853 Neronis.
1195 2836 1196 2840 .
1777 2817 1802 2853 ιι

513 2883 634 2982 Haud
649 2880 851 2959 infeliciter
868 2877 1388 2988 auguraturFlaminiuszhaec
1405 2884 1508 2959 enim
1524 2882 1574 2958 ad
1586 2883 1755 2960 Auream

459 2990 618 3067 domum
638 2984 849 3096 pertinuisse
867 2993 928 3065 vix
946 2987 998 3065 est
1017 2986 1121 3094 quod
1149 2983 1373 3065 dubitemus.
1394 2994 1484 3099 Qa
1506 2988 1555 3069 de
1585 3015 1625 3067 rc
1642 2989 1756 3100 pluri-

461 3096 528 3173 bus
544 3101 584 3173 in
602 3092 847 3202 sequentibus,

518 3205 742 3311 Anonymus
759 3202 884 3280 noster
903 3198 1084 3278 Palatium
1095 3198 1241 3280 Claudii
1262 3227 1452 3282 memorat
1474 3214 1563 3278 iuter
1577 3201 1753 3309 Coliſseum

461 3311 666 3416 &seruiium
680 3322 822 3386 Pernam
840 3320 877 3385 in
894 3306 1043 3383 vincula.
1062 3308 1255 3388 Portieuin
1269 3310 1471 3389 Claudiam
1491 3310 1629 3390 eodem
1650 3314 1754 3387 circi.

460 3443 519 3499 ter
536 3418 623 3495 loeo
644 3417 749 3494 sitam
770 3415 912 3493 indicat
930 3412 1117 3494 Martialis
1136 3414 1191 3491 his
1214 3418 1385 3497 versibus.

659 3565 816 3647 Claudia
825 3569 860 3667 di
861 3568 965 3673 ffusas
977 3568 1033 3639 ubi
1034 3573 1185 3664 porticus
1203 3567 1357 3667 explicat
1371 3566 1528 3664 umbras,

785 3675 932 3754 Ultima
947 3692 1027 3771 pars
1048 3673 1141 3745 aulae
1170 3672 1348 3771 defidentia
1368 3695 1453 3751 erat.

519 3831 566 3907 Et
583 3827 674 3905 verd
694 3825 868 3933 proxime
886 3829 919 3903 S.
950 3825 1051 3903 Petri
1069 3821 1262 3902 ecclefiam
1282 3848 1357 3930 qua
1380 3826 1455 3899 itur
1482 3821 1531 3897 ad
1552 3817 1752 3898 Colisaeum

459 3934 622 4044 reliquia
640 3962 834 4012 murorum
844 3960 921 4009 non
947 3927 1162 4039 spernenda:
1182 3926 1374 4036 sunt,quae
1394 3929 1547 4007 fortallis
1568 3928 1617 4005 ad
1636 3932 1752 4037 purti-

458 4071 545 4121 cum
567 4040 768 4120 Claudiam
792 4038 1202 4150 pertiriuerint,fivead
1221 4037 1406 4116 Palatium
1429 4037 1602 4134 Claudii,
1630 4061 1670 4112 ut
1690 4065 1754 4113 vo·

457 4176 520 4226 cat
540 4152 783 4258 Anonymus,
802 4146 924 4224 solitus
973 4146 1074 4221 alatii
1100 4172 1240 4223 nomen
1267 4143 1428 4221 adificiis
1460 4142 1684 4251 quibuslibet
1701 4148 1753 4219 in-

458 4257 619 4356 dere3&
646 4262 684 4333 in
710 4254 826 4363 spatio
851 4174 1046 4333 Coldium
1064 4255 1217 4329 inter&
1233 4250 1421 4330 Thermas
1451 4251 1522 4329 sitae
1553 4246 1633 4326 sunt
1649 4287 1656 4326 :
1674 4279 1754 4326 oin-

457 4369 522 4441 nia
536 4368 638 4442 enim
656 4364 856 4470 quadrant.
869 4367 1027 4443 Nomen
1045 4363 1158 4468 igitur
1176 4358 1386 4438 Claudiiad
1399 4365 1548 4437 tertium
1569 4353 1680 4462 usque
1692 4357 1754 4433 de.

460 4475 600 4549 timum
620 4467 813 4571 luculum,
830 4501 905 4580 quo
925 4473 1071 4547 circiter
1086 4462 1223 4577 scripsit
1247 4469 1468 4574 llnonyinus
1487 4534 1498 4566 ‚
1519 4466 1596 4542 liae
1617 4465 1755 4542 rudera

460 4580 656 4688 insignivit.
1091 4579 1093 4581 ’

519 4690 625 4765 Hinc
642 4691 716 4764 itur
740 4691 777 4763 in
796 4683 934 4763 vallem
951 4712 1032 4791 qua
1049 4683 1193 4764 Subura
1222 4685 1313 4762 olim
1333 4682 1550 4769 dicebatur„
1567 4680 1672 4757 fitam
1702 4684 1756 4758 in-

1530 4795 1565 4867 lt
1587 4791 1609 4893 ij
