4352 5690
403 476 475 558 354
568 438 572 443 ’
875 435 1070 528 niarium
1091 432 1290 527 ltaliam.

458 562 662 645 XXVII.
684 561 859 645 Primbm
878 567 1127 644 convenimus
1144 564 1269 640 virum
1290 559 1352 641 Cl.
1373 561 1588 642 Antonium
1614 564 1733 645 Salvi.

405 677 512 753 nium
531 675 826 785 Graecaelinguae
863 678 972 754 eritia
983 702 1080 752 cum·
1089 676 1218 783 primis
1234 669 1353 752 Italia
1363 672 1670 776 numerandum,
1689 681 1731 757 in

407 780 562 895 aliisque
579 778 780 897 disciplinis
798 702 860 862 ad
877 783 976 863 rimi:
998 778 1211 883 versatum,
1227 790 1293 892 qui
1310 780 1440 862 studiis
1451 783 1646 865 nostrisad
1657 813 1726 866 nu-

406 919 491 975 tum
517 896 656 980 exinde
682 892 807 974 adfuit
826 813 1065 1005 :lolidosque
1094 894 1174 973 dies
1197 889 1454 974 exscribendis
1478 893 1597 975 nostri
1620 892 1729 977 caula

407 1005 604 1086 codicibus
622 1001 811 1085 insumht:
829 1005 921 1088 Post
937 1006 1100 1086 adiimus
1119 1002 1320 1086 ecclesiam
1345 1010 1377 1085 S.
1400 1008 1537 1086 Crucis
1558 1001 1727 1088 Francis.

408 1145 617 1217 canorum,
631 1121 672 1196 in
687 1119 791 1225 cujus
810 1114 1046 1241 frontispicio
1064 1111 1233 1195 sublimis
1249 1120 1409 1226 erigitur
1424 1116 1548 1197 statua
1566 1146 1672 1199 aenea
1689 1122 1724 1199 S.

405 1226 595 1309 Ludovici
611 1224 823 1309 Tholosani
847 1228 1019 1342 praelulis
1063 1232 1108 1306 In
1137 1222 1243 1339 septo
1263 1226 1491 1309 Monasterii
1510 1228 1724 1308 tumulatur

406 1335 629 1419 Italicorum
645 1337 756 1447 hujus
773 1335 895 1420 seculi
911 1338 1026 1419 facile
1042 1341 1218 1453 princeps
1229 1336 1434 1439 Galilaeus,
1453 1341 1521 1447 qui
1536 1335 1621 1416 dire,
1642 1338 1723 1418 diu.

405 1476 480 1558 que
496 1474 672 1550 vexatus,
690 1447 960 1564 &compulsus
977 1447 1153 1559 abjurare
1173 1446 1412 1550 doclrinam,
1433 1446 1563 1527 multis
1587 1445 1724 1529 invisus

402 1556 508 1639 obiit.
535 1563 580 1641 ln
599 1557 837 1642 bibliotheca
851 1562 950 1645 bene
969 1559 1082 1642 multi
1100 1557 1255 1643 codices
1273 1554 1378 1663 sunt,
1393 1553 1457 1640 led
1471 1555 1646 1747 plerique
1666 1587 1727 1641 re.

402 1694 532 1751 centes
545 1696 662 1783 atque
679 1671 729 1751 ad
748 1667 1010 1755 scholasticam
1030 1666 1219 1783 spedant,
1237 1669 1452 1750 monstrant
1468 1667 1613 1749 isidem
1628 1698 1723 1783 ope.

401 1809 486 1860 runi
505 1784 539 1861 S.
560 1793 819 1866 Boarventurae
837 1784 1035 1884 codicem,
1055 1782 1190 1895 iphus,
1210 1807 1254 1863 ut
1272 1780 1430 1892 quidem
1452 1784 1582 1883 aium,
1602 1809 1723 1864 manu

401 1884 670 2004 conscriptum.

452 2004 579 2083 Prnnd
607 2008 742 2086 Martii
761 2004 1040 2086 Monasteriuni
1062 2001 1419 2086 Camaldulensium
1438 2008 1480 2085 B.
1501 2007 1637 2087 Mariae
1667 2004 1722 2088 de

397 2112 578 2227 Angelis,
599 2114 887 2229 Magliabechio
905 2115 1024 2219 duce,
1041 2120 1206 2227 petimus
1226 2184 1238 2219 ,
1262 2119 1504 2228 comiterque
1523 2119 1677 2228 excepti
1694 2116 1718 2198 i

392 2226 570 2305 Domino
588 2223 741 2308 Abbate
755 2235 795 2308 ὃ(
810 2255 833 2307 a
849 2226 1053 2312 Monachis
1065 2225 1210 2339 singula
1225 2224 1436 2309 lustramus.
1460 2230 1506 2309 In
1531 2230 1591 2310 Ca
1618 2225 1717 2307 itulo

390 2337 545 2447 pistura:
566 2336 747 2418 videntur
765 2336 787 2417 ὲ
806 2339 1014 2445 Monachis
1041 2336 1424 2440 Camaldulensibm,
1450 2342 1547 2419 Iotti
1559 2255 1716 2421 Flbren-

391 2450 462 2524 tini
471 2452 623 2559 pistura
635 2446 896 2531 restauratoris
907 2445 1096 2562 discipulis
1106 2452 1318 2552 adornatae,
1327 2477 1431 2532 anno
1443 2453 1597 2532 circiter
1608 2478 1716 2552 1300.

391 2554 455 2635 ubi
477 2554 750 2663 reviviscentis,
770 2556 834 2641 seu
852 2588 876 2639 a
896 2560 1051 2673 pristina
1069 2560 1246 2643 barbaric
1265 2557 1338 2642 sele
1358 2559 1597 2671 expedientis
1622 2563 1717 2640 artis

390 2667 546 2781 vestigia
573 2690 810 2782 comparent.
839 2675 885 2754 ln
911 2669 1151 2756 bibliotheca
1177 2669 1406 2756 Monasterii
1423 2666 1626 2783 sequentes
1645 2698 1713 2752 co-

388 2777 498 2860 dices
515 2785 742 2864 notavimus

444 2902 603 3003 origenis
614 2897 655 2974 in
669 2892 842 2976 Genesin
859 2891 966 2977 adest
980 2894 1108 2979 codex
1124 2896 1315 3007 antiquus

444 3004 478 3082 S.
493 3000 668 3115 Ambrosti
688 3004 825 3086 codex.
942 3103 945 3109 ι

443 3117 476 3193 S.
499 3114 1029 3229 MacariiAEgyptiiAbbatis
1048 3113 1219 3230 epistola.

443 3227 477 3303 S.
498 3226 674 3308 Bemardi
691 3226 990 3354 operumcodex
1002 3256 1052 3307 xr
1069 3258 1121 3308 11.
1138 3221 1272 3305 stculi.

440 3344 599 3448 Remigii
609 3336 978 3441 (Antrlhodorensrs,
997 3362 1040 3418 ut
1058 3342 1250 3450 putatur,)
1263 3341 1613 3442 commentariusin
1631 3340 1711 3421 xe.

386 3443 517 3553 gulam
538 3453 571 3527 S.
591 3448 796 3530 Benedicli.

441 3556 550 3638 Alius
563 3562 602 3639 in
619 3558 801 3642 eamdem
820 3556 1014 3671 Regulam
1034 3560 1343 3639 commentarius,
1355 3556 1573 3671 acephalus.

441 3681 642 3750 Hincmari
660 3658 841 3783 opuscula
862 3665 1051 3781 descripta
1067 3697 1171 3749 anno
1183 3666 1326 3748 Christi
1338 3674 1442 3750 1280.
1460 3678 1499 3752 ὃ(
1512 3673 1553 3749 in
1565 3669 1715 3753 eodem,

388 3779 524 3863 codice
544 3780 872 3893 Martyrologium
890 3776 969 3893 ipso
985 3805 1163 3891 tempore
1180 3774 1454 3889 conscriptum.

439 3902 494 3972 H
494 3908 611 4004 ugonis
633 3890 814 4004 Magistri
828 3891 878 3977 de
894 3890 1133 3974 institutione
1152 3892 1416 3973 Novitiorum

443 4014 615 4084 Ciceronis
634 4004 823 4113 quadam.

441 4123 604 4193 Horatii
632 4120 815 4194 carmina.

441 4224 592 4411 Qpartd
611 4224 748 4306 inensrs
768 4229 902 4306 Martii
920 4250 1079 4306 curante
1096 4223 1256 4305 laudato
1272 4220 1615 4332 hunianiffimoque
1626 4225 1710 4303 viro

387 4335 484 4446 Mag
499 4333 701 4439 iabechio,
720 4336 872 4419 accedit
890 4364 914 4415 a
929 4341 1080 4447 Magno
1100 4339 1297 4417 Hetruriae
1317 4337 1432 4416 Duce
1444 4332 1536 4411 data
1550 4332 1645 4412 mihi
1654 4331 1709 4411 fa-

387 4443 508 4525 cultas
531 4440 770 4529 exscribendi
797 4446 922 4557 siqua
937 4444 1089 4528 luberet
1112 4450 1151 4525 in
1176 4444 1420 4540 Bibliotheca
1440 4447 1473 4524 S.
1499 4446 1707 4524 Laurentii

386 4558 520 4666 Qiare
539 4553 779 4669 insequentes
798 4584 897 4668 pene
916 4581 1023 4636 totos
1038 4557 1119 4636 dies
1137 4584 1184 4638 ea
1201 4558 1241 4637 in
1267 4553 1506 4635 bibliotheca
1526 4556 1706 4633 contrivi.

386 4693 488 4767 mus,
512 4668 705 4779 &siquid
726 4667 831 4747 aliud
851 4667 1032 4779 deinceps
1047 4672 1216 4779 egimus,
1235 4662 1429 4746 succesivis
1452 4664 1493 4743 id
1520 4664 1625 4745 boris
1643 4690 1706 4776 ge-

384 4772 494 4857 stum.
523 4778 624 4860 Mihi
643 4774 828 4887 ejusmodi
847 4777 972 4860 studio
991 4781 1170 4880 vacanti,
1186 4775 1344 4859 adsuere
1370 4773 1519 4888 semper
1535 4780 1594 4857 vir
1614 4780 1706 4856 arnj.¹
