4060 5700
315 468 369 551 ai'
787 441 968 537 Diariiim
986 437 1159 540 Italicum

367 584 522 699 lnfignia
537 583 675 669 ibidem
691 573 900 689 hujusmodi
919 578 1155 663 exhibentur.

845 976 1103 1410 [fl

375 2295 430 2371 At
451 2290 577 2368 multis
597 2288 820 2395 argumentis
846 2283 974 2362 nobile
996 2308 1253 2365 commeritum
1272 2285 1465 2397 detegitur.
1512 2293 1614 2373 Nam

310 2421 475 2504 tempore
489 2398 613 2475 Caroli
631 2395 783 2502 Magni,
800 2420 874 2499 quo
890 2390 1017 2471 obiisse
1033 2391 1164 2469 dicitur
1182 2394 1342 2503 Paganus
1359 2402 1462 2475 Petra
1481 2400 1610 2501 Saura,

306 2502 487 2582 Florentii
499 2502 518 2579 *a
528 2503 663 2580 Totilae
678 2500 903 2607 temporibus
917 2499 1036 2577 eversa
1050 2499 1203 2605 soloque
1213 2528 1355 2605 aquata
1368 2504 1510 2606 jacebat
1519 2546 1529 2593 ;
1546 2508 1615 2587 do·

305 2635 377 2689 nec
390 2610 464 2714 ipse
476 2614 674 2713 Imperator
686 2636 783 2685 anno
796 2616 878 2686 8οι.
890 2604 1157 2684 instaurandam
1170 2612 1440 2714 curavit‚qoare
1458 2640 1533 2689 non
1546 2644 1615 2720 po·

306 2719 665 2821 tuitillecapitineus
686 2710 791 2790 fuisse
813 2715 1122 2791 Florentinorum.
1159 2717 1229 2793 lllo
1247 2719 1335 2793 item
1351 2746 1426 2795 aevo
1447 2721 1613 2798 nondum

313 2823 485 2931 infignia,
508 2847 581 2897 non
604 2824 755 2898 nomina
776 2824 961 2926 gentilitia
981 2844 1182 2924 cuperant,
1200 2823 1262 2902 sed
1283 2821 1381 2899 haud
1402 2824 1514 2902 dubie
1535 2829 1613 2930 post

306 2928 384 3006 hoc
404 2925 577 3007 sacculum
599 2928 750 3006 advecia
761 2926 851 3002 sunt.
877 2925 1073 3031 Supersunt
1092 2925 1281 3035 hodieque
1301 2956 1344 3006 ex
1366 2930 1428 3007 ista
1444 2929 1584 3010 familia
1596 2998 1609 3034 ‚

307 3063 388 3141 quae
402 3037 526 3140 paucis
541 3036 654 3112 ltaliae
672 3037 893 3137 antiquitate
905 3032 1092 3110 concedit.
1121 3041 1176 3111 At
1194 3041 1408 3139 plerumque
1427 3066 1552 3117 evenit
1568 3068 1612 3119 ut

306 3143 369 3246 qui
390 3142 585 3219 nobilitate
605 3167 687 3220 vera
707 3137 1019 3216 commendabiles
1040 3138 1142 3225 sunt,
1168 3144 1417 3250 genealogiam
1442 3142 1543 3222 suam
1571 3148 1612 3225 iri

306 3250 739 3354 mythologiamvertant,
750 3260 786 3326 δι
799 3247 888 3323 dum
900 3249 1193 3325 commentitiam
1214 3246 1275 3324 sibi
1291 3256 1432 3356 generis
1449 3255 1611 3357 antiqui-

307 3380 422 3434 tatem
450 3354 596 3433 alserere
614 3379 764 3452 curant,
790 3380 1001 3460 germanam
1031 3366 1069 3433 δι
1090 3380 1213 3431 veram
1240 3353 1435 3460 suspesiam
1458 3356 1608 3436 faciant.

309 3462 518 3539 Nattabant
536 3489 657 3538 autem
678 3458 771 3564 ipsos
790 3462 863 3561 jam
883 3457 903 3536 i
924 3486 1090 3565 tempore
1117 3459 1153 3536 S.
1172 3462 1351 3540 Ambrosii
1372 3462 1545 3561 floruisse,
1572 3479 1611 3545 δε

307 3564 489 3675 suppetias
509 3566 628 3645 tulisse
650 3567 781 3642 sanilo
805 3566 889 3647 vito
910 3564 1080 3644 adversus
1101 3569 1286 3645 Attianos.
1325 3571 1520 3649 Circulum
1542 3574 1610 3673 qui

306 3676 345 3755 in
369 3674 568 3785 insignibus
593 3672 688 3750 adest
719 3675 819 3750 aiunt
847 3673 1043 3781 significate
1069 3671 1204 3776 species
1229 3678 1329 3781 panis
1361 3679 1608 3757 Eucharistici.

308 3784 437 3861 Portas
455 3783 618 3861 Ecclesia
646 3780 681 3855 S.
701 3780 880 3857 Ambrosii
901 3780 1109 3886 anaglyphis
1127 3807 1290 3885 operias,
1313 3809 1442 3886 putarit
1460 3783 1608 3862 easdem

306 3886 376 3966 esse
395 3916 488 3996 quas
507 3890 541 3966 S.
553 3883 766 3964 Ambrosius
779 3884 992 3962 Theodosio
1007 3890 1224 3992 Imperatori
1240 3888 1428 3966 accedenti
1446 3893 1606 3971 occlusit.

307 3999 395 4107 Q
408 4021 510 4103 parte
520 3995 700 4073 Canonici
716 3989 855 4098 degunt
867 3994 1029 4099 porticus
1040 3995 1162 4097 ampla
1173 3996 1294 4072 visuri
1306 4001 1488 4075 columnis
1501 3995 1606 4093 fulta,

306 4130 463 4206 quarum
478 4127 556 4206 pirs
573 4098 747 4179 caesorum
762 4124 948 4175 tainorum
967 4101 1065 4203 quasi
1080 4126 1228 4177 truncos
1248 4105 1441 4203 emittunt,
1462 4105 1507 4180 ad
1521 4130 1605 4179 irio-

308 4207 397 4287 dum
414 4209 585 4287 arborum
596 4233 752 4309 quarum
764 4209 856 4282 tami
875 4207 1001 4282 recens
1018 4203 1141 4284 succisi
1165 4210 1260 4286 sunt.

355 4321 399 4396 Iri
418 4316 572 4395 Ecclesia
591 4316 625 4389 S·
647 4315 832 4390 Laurentii
847 4339 926 4416 qua·
946 4314 1082 4390 artifice
1101 4318 1296 4424 Peregrino
1315 4316 1440 4392 strueia
1461 4314 1535 4396 fuit
1555 4323 1606 4397 ri-

307 4449 348 4500 tu
366 4425 547 4528 singulari,
566 4424 743 4497 columnae
762 4421 840 4521 pilis
857 4420 1030 4496 haerenres
1049 4423 1198 4501 inversa:
1213 4422 1309 4520 sunt,
1331 4423 1380 4499 ita
1397 4448 1439 4500 ut
1456 4431 1606 4530 capitel-

309 4531 516 4622 la'basium,
540 4526 637 4605 bases
655 4527 905 4629 capitellorum
926 4522 1052 4602 officio
1070 4519 1289 4635 fungantur,
1305 4558 1380 4630 quo
1398 4532 1546 4610 consilio
1566 4530 1605 4611 id

308 4637 446 4716 facium
464 4637 483 4716 i
499 4641 574 4715 vito
596 4635 895 4715 architesionices
914 4631 1167 4735 scientissimo,
1182 4635 1281 4717 haud
1294 4633 1399 4716 facile
1417 4640 1466 4717 est
1479 4639 1606 4720 divini·
