4060 5700
1039 478 1075 556 P
1100 474 1136 562 R
1164 476 1222 561 AE
1245 478 1279 561 F
1306 475 1344 561 A
1367 472 1451 560 T!
1476 479 1524 561 O.

629 593 821 734 reliquit.
858 605 1023 698 Earum
1042 632 1191 696 autem
1206 598 1404 698 Flammii
1430 593 1691 698 schedarum
1714 593 1844 694 nobis
1868 617 1948 694 col

630 748 753 872 piam
778 728 891 833 fecit
915 742 981 833 vir
1003 744 1278 873 antiquitatis
1314 730 1525 834 studiosus
1555 732 1679 832 dela
1705 731 1946 833 Thuillierc

630 873 826 991 nostras,
848 880 929 1008 qui
943 870 1113 997 jamdiu
1131 885 1287 974 Romae
1308 866 1428 969 sedes
1447 873 1592 973 habet.
1616 870 1827 974 Praelara
1846 908 1948 1005 por.

632 1040 712 1135 το,
738 1026 782 1105 &
808 1004 1033 1146 hucusque
1064 1006 1340 1110 inobservata
1362 1020 1502 1144 aperit
1530 1006 1657 1107 nobis
1680 1006 1947 1136 Flaminius,

631 1143 689 1241 de
707 1145 822 1247 ostio
846 1156 1026 1276 majoris
1048 1149 1227 1272 Palatii,
1250 1148 1307 1243 de
1329 1146 1527 1281 Templis
1543 1144 1718 1243 Mitlrrae
1736 1160 1780 1242 &
1802 1157 1951 1249 Vene-

628 1292 687 1380 ris
712 1283 999 1408 Sallustiana,
1016 1283 1072 1380 de
1095 1294 1165 1385 via
1182 1280 1463 1383 subterranea
1480 1293 1528 1381 in
1549 1284 1803 1419 Capitolmo
1817 1320 1949 1383 mon.

629 1455 703 1548 tc,
724 1421 780 1517 de
804 1415 1079 1556 frontispicio
1096 1420 1362 1524 Pantheonis
1374 1502 1389 1545 ,
1413 1420 1469 1518 de
1490 1433 1603 1522 Foro
1626 1431 1844 1549 TrajanI‚
1874 1422 1951 1519 de.

628 1594 720 1697 que
743 1558 835 1655 aliis
849 1592 963 1694 pene
976 1568 1242 1685 innumeris,
1267 1556 1471 1694 templis,
1498 1553 1728 1693 sepulcris,
1748 1593 1948 1656 veterum

628 1708 944 1799 Romanorum
965 1708 1292 1817 monumentis,
1306 1734 1403 1833 quae
1416 1705 1562 1833 quivis
1577 1696 1770 1831 prudens
1783 1695 1947 1820 ledor,

626 1869 712 1932 nec
736 1827 829 1929 fine
850 1832 1076 1969 voluptate
1092 1831 1219 1971 spero
1243 1827 1618 1935 animadversurus
1642 1831 1717 1933 est.
1759 1843 1824 1932 Ex
1854 1832 1947 1928 aliis

629 2004 813 2109 quoque
839 1965 1256 2071 sclredisanecdotis
1273 2009 1367 2069 non
1383 2008 1522 2106 pauca
1536 1981 1749 2086 mutuati,
1769 1968 1947 2066 occulta

626 2107 842 2210 hactenus
868 2101 1190 2247 observatuque
1211 2110 1348 2244 digna
1371 2102 1593 2206 emisrmus
1614 2116 1661 2203 In
1680 2107 1827 2204 lucem
1842 2152 1852 2206 ε
1869 2140 1947 2201 cu-

627 2240 819 2375 jusmodi
841 2242 947 2342 illud
964 2246 1061 2374 est,
1087 2249 1144 2344 de
1169 2257 1345 2382 captivo
1374 2255 1452 2378 qui
1476 2240 1680 2342 manibus
1704 2274 1878 2377 atergo
1895 2240 1946 2338 li-

626 2392 765 2517 gatis,
792 2374 1057 2506 substratus,
1076 2381 1197 2480 calce
1223 2392 1328 2518 equi
1350 2391 1418 2480 M.
1445 2382 1639 2506 Aurelii,
1660 2391 1737 2517 qui
1759 2415 1880 2479 nunc
1902 2386 1950 2475 in

628 2517 879 2657 Capitolio,
896 2515 1145 2647 terebatur,
1165 2537 1208 2617 ὅ(
1225 2523 1311 2618 alia
1324 2515 1439 2615 bene
1455 2518 1607 2617 multa.
1654 2625 1658 2629 ,

697 2667 807 2755 Hac
827 2666 937 2757 item
949 2692 1092 2794 pauca
1114 2668 1163 2759 in
1179 2666 1323 2758 DiatiI
1338 2650 1520 2754 decursu
1539 2655 1743 2793 ampliori
1758 2655 1852 2758 luce
1870 2656 1952 2754 do-

627 2796 779 2895 nanda
793 2787 904 2895 sunt.

698 2941 747 3032 P.
784 2975 845 3055 39.
876 2931 902 3030 Ι.
934 2980 1003 3060 24.
1025 2932 1215 3064 Stlrynes
1238 2931 1426 3027 Philonis
1440 2941 1676 3064 penuarius.
1717 2930 1918 3066 Intellige
1931 3012 1947 3054 ,

629 3066 828 3168 Philonis
842 3066 982 3171 filius:
998 3081 1080 3205 qui
1102 3077 1337 3205 penuarius
1356 3101 1450 3166 erat
1463 3151 1479 3195 ,
1504 3107 1598 3168 non
1620 3070 1845 3195 Philonis,
1872 3066 1948 3165 sed

627 3202 746 3304 urbis
762 3278 778 3321 ‚
802 3215 956 3338 Cyzici
973 3206 1190 3306 videlicet.

688 3349 735 3440 Ρ.
766 3369 854 3442 106.
894 3353 957 3441 Ex
991 3343 1295 3480 quorumdam
1318 3349 1529 3477 opinione
1554 3345 1742 3444 diximus
1767 3346 1950 3449 Bonisa-

628 3489 748 3579 cium
766 3486 913 3581 VIII.
949 3480 1168 3616 triplicem
1200 3517 1419 3578 coronam
1451 3476 1522 3578 seu
1551 3493 1710 3583 tiaram
1731 3488 1949 3585 invexisse.

627 3623 693 3716 At
707 3625 1002 3714 recentiorem
1024 3614 1216 3744 ejusdem
1237 3609 1360 3714 usum
1380 3616 1466 3713 esse
1488 3617 1682 3750 probant
1695 3632 1947 3757 peritiores,

629 3760 1007 3891 atqucexpidlura
1025 3764 1131 3867 Jotti
1145 3754 1407 3873 Florentini,
1428 3751 1648 3853 Bonifacii
1679 3796 1772 3859 aevo
1793 3762 1949 3860 confe-

629 3900 718 4015 cta,
728 3928 870 4029 exque
884 3889 1026 4026 figura
1037 3886 1232 4021 ejusdem
1243 3899 1287 3985 in
1302 3891 1848 4027 tumuloexpresla,eadem
1860 3936 1948 4033 qua

629 4027 848 4129 Nicolaus
873 4058 1049 4165 quartus
1069 4038 1160 4153 ejus
1182 4028 1377 4126 decessor
1401 4065 1578 4126 coronae
1598 4048 1642 4125 ὃς
1665 4033 1836 4132 mithrae
1858 4035 1947 4133 sor-

626 4162 835 4264 miusum
848 4165 1211 4264 commonstrant.
1262 4182 1376 4267 Sunt
1389 4176 1465 4302 qui
1479 4163 1717 4267 Urbanum
1733 4186 1790 4272 V.
1807 4172 1944 4306 tripli-

626 4314 688 4402 cis
706 4337 881 4401 coronae
900 4310 1131 4402 auctorem
1150 4298 1335 4401 efferant
1355 4350 1366 4405 ε
1392 4338 1531 4438 quam
1551 4311 1658 4403 item
1684 4318 1943 4442 opinionem

627 4439 701 4540 alii
730 4441 977 4574 repudiant.

641 4608 644 4613 ·
697 4586 902 4679 Diximus
919 4613 961 4715 p.
990 4615 1075 4707 143.
1099 4616 1154 4680 ex
1181 4574 1399 4681 Martialis
1425 4570 1541 4681 hisce
1562 4575 1787 4698 versibus,

1737 4855 1757 4950 i
