4264 5684
500 502 573 558 120
953 465 1135 556 Diarium
1165 456 1349 554 Italicum.

452 645 474 676 a
499 620 702 707 temperare
721 622 797 677 non
814 590 1013 704 potuerunt
1032 592 1052 673 Ξι
1073 592 1245 703 cupidine
1256 594 1490 704 explorandae
1501 599 1574 680 rei:
1594 599 1654 680 sed
1667 631 1793 687 amoto

450 752 472 783 a
497 709 672 812 operculo
691 709 828 786 cineres
850 706 1089 799 invenerunt,
1107 730 1223 810 atque
1241 706 1373 813 viginti
1391 708 1539 789 circiter
1582 710 1728 791 lobulos
1749 742 1793 792 ex

450 862 470 891 ‚2
495 814 657 920 crystallo
675 817 829 912 nativa,
856 815 1034 892 annulum
1053 836 1207 892 aureum
1234 837 1319 889 curn
1341 841 1518 921 gemma,
1546 741 1792 901 discriminale

448 969 469 1000 s.
491 920 695 1004 eburneum
705 923 822 1002 aureis
833 921 1076 1019 acuminibus,
1086 922 1267 1030 pedinem
1278 920 1794 1023 eburneum,&cineribusad·

449 1078 470 1108 2,
492 1030 607 1110 mixta
619 1030 788 1139 quasdam
804 1054 969 1110 ramenta
979 1056 1100 1111 aurea.
1122 1027 1426 1110 Cumaccelhssct
1439 1037 1656 1138 capitulum,
1665 1042 1791 1117 onmia

449 1190 470 1216 „
493 1136 659 1241 abstulit,
673 1141 767 1220 nihil
783 1140 953 1250 lithutgis
965 1137 1074 1218 cessat.
1095 1137 1170 1215 Res
1192 1141 1284 1216 mira
1300 1166 1377 1243 quo
1389 1143 1494 1247 paslo
1512 1147 1653 1248 antiqui
1671 1150 1708 1224 in
1723 1150 1790 1225 Ti·

447 1297 468 1325 „
494 1245 640 1327 burtino
659 1247 783 1357 lapide
802 1273 863 1330 vas
876 1252 950 1327 tale
966 1242 1204 1345 incluserint,
1222 1271 1348 1353 aperto
1365 1246 1547 1327 foramine
1565 1250 1612 1327 ad
1624 1281 1685 1330 vas
1697 1255 1791 1331 inse·

447 1405 468 1434 η
491 1351 660 1455 rendum,
675 1370 715 1438 δι
736 1357 871 1437 exinde
880 1353 1081 1435 Tiburtino
1091 1352 1212 1461 lapide
1231 1358 1371 1463 inopus
1383 1353 1564 1456 deduelo‚
1582 1359 1619 1434 in
1632 1387 1705 1462 quo
1726 1388 1790 1437 vas

448 1514 469 1541 .‚
492 1464 643 1546 latebat.
674 1467 773 1576 QS
795 1468 866 1545 tale
886 1466 1076 1544 inventum
1097 1460 1289 1542 divinass'ct
1310 1465 1400 1544 enisi
1423 1464 1498 1542 sese
1517 1463 1703 1546 obtuliss'er
1722 1497 1788 1547 oc-

447 1621 468 1652 .»
491 1572 582 1651 casto
607 1573 748 1673 sunilis,
767 1568 943 1654 aternum
962 1597 1018 1651 res
1029 1567 1207 1669 latuisset,
1225 1597 1309 1650 tum
1328 1576 1421 1655 nihil
1441 1572 1529 1682 figni
1551 1572 1639 1654 foris
1660 1575 1792 1685 depre-

488 1679 723 1760 henderetur.

540 1791 722 1895 Exquihra
736 1787 817 1865 sunt
833 1815 913 1892 quae
928 1814 994 1865 nos
1005 1784 1116 1864 docet
1134 1786 1195 1865 hic
1207 1787 1407 1867 Flaminius
1420 1794 1558 1886 Vacca,
1571 1794 1635 1895 qui
1652 1788 1789 1898 lporta

487 1899 905 1977 sanuiLaurentiiviam
924 1893 997 1972 sem
1025 1921 1062 1971 er
1076 1895 1329 1974 Praenestinam
1349 1893 1464 1975 ducit.
1499 1901 1547 1976 Et
1568 1897 1650 1975 sane
1674 1900 1789 1978 isthac

487 2005 660 2087 Praeneste
686 2007 776 2082 olim
804 2006 899 2080 itum
922 1923 1028 2080 suisli
1053 2030 1130 2081 non
1153 2000 1317 2082 absimile
1333 2033 1443 2102 vero,
1463 2003 1614 2110 quando
1634 2007 1789 2085 Publius

488 2117 618 2192 Vistor
636 2137 781 2218 portam
795 2112 1055 2206 Tiburtinam,
1068 2110 1256 2190 Gabinam
1272 2116 1361 2190 item
1373 2137 1587 2217 nuncupat,
1604 2110 1624 2189 *a
1645 2113 1785 2212 Gabiis,

488 2223 555 2326 qui
573 2223 635 2298 via
655 2219 866 2299 Praenestina
886 2241 1000 2296 erant.
1042 2220 1137 2296 Hac
1151 2220 1395 2320 eonjeslando
1416 2219 1585 2316 dicimus,
1598 2249 1681 2325 qua·
1701 2250 1787 2301 cum

487 2329 508 2407 ir
526 2330 664 2436 vulgari
682 2327 857 2434 opinione
874 2322 1060 2423 recedant,
1072 2329 1235 2404 ulteriori
1250 2325 1331 2405 stant
1351 2330 1508 2405 examini
1525 2327 1783 2432 permittenda.

488 2437 740 2515 Praenestinam
757 2437 847 2513 item
874 2434 1164 2537 insequentibus
1181 2460 1262 2513 eam
1289 2434 1402 2543 ipsam
1422 2438 1523 2512 viam
1540 2462 1652 2514 vocat
1672 2435 1783 2515 idem.

442 2600 462 2630 .,
552 2544 836 2623 framarus
874 2545 1060 2620 Vacca.
1106 2545 1148 2620 ln
1177 2572 1264 2653 agro
1301 2540 1465 2649 proxime
1502 2569 1646 2648 portam
1677 2539 1784 2623 sansti

441 2708 461 2736 „
489 2651 676 2729 Laurentii
694 2677 796 2729 extra
815 2674 958 2748 muros,
982 2674 1067 2727 cum
1087 2673 1324 2751 excavarent,
1342 2678 1462 2729 erutas
1476 2648 1552 2727 vidi
1578 2650 1783 2728 benemul-

442 2788 461 2843 η’
488 2783 541 2838 tas
562 2785 671 2838 urnas
691 2756 905 2865 sepulcrales
923 2781 968 2833 ex
989 2785 1172 2865 marmore
1196 2770 1235 2839 dt
1250 2786 1293 2838 ex
1310 2760 1475 2866 gramm,
1497 2785 1564 2834 nec
1587 2762 1707 2836 multa
1728 2762 1784 2836 in-

443 2925 461 2952 „
488 2864 717 2975 tercapedine
747 2871 817 2945 alia
844 2866 891 2943 ab
915 2867 986 2944 alia
1007 2837 1165 2945 distabat
1193 2892 1270 2973 quo
1295 2868 1380 2943 loco
1403 2860 1563 2971 primum
1594 2870 1782 2945 collocata

441 3033 462 3059 ,‚
486 2969 664 3074 fuerant>
695 3002 808 3080 reque
826 3001 910 3052 veta
928 2969 1091 3080 sepulcra
1108 2997 1212 3052 erant
1232 3007 1241 3050 t
1266 2999 1393 3079 paucae
1412 2973 1612 3081 inscripta,
1631 2971 1652 3050 h
1674 2977 1785 3051 latere

443 3138 461 3165 .‚
485 3108 638 3188 aperta,
654 3107 720 3159 aut
734 3085 846 3188 mptis
863 3082 1039 3189 operculis
1062 3121 1072 3167 ς
1093 3077 1253 3159 thesauri
1272 3080 1411 3158 scilicet
1424 3079 1656 3188 perquirendi
1677 3084 1784 3161 causa

441 3246 462 3274 .,
485 3189 634 3269 excull'ae
652 3184 812 3277 fuerant;
826 3215 938 3292 quare
952 3189 1044 3266 nihil
1064 3188 1302 3294 reliquiarum
1322 3187 1417 3266 intus
1429 3188 1629 3294 supererat:
1644 3201 1681 3269 δι
1695 3190 1783 3295 quia

440 3354 461 3384 ,,
486 3296 654 3403 imperite
675 3297 895 3395 elaborata,
920 3298 1163 3400 Gothicoque
1183 3322 1314 3382 more,
1339 3298 1376 3372 in
1396 3322 1559 3374 mentem
1581 3302 1680 3373 venit
1700 3322 1782 3374 tum

440 3464 460 3491 ‚,
485 3402 596 3483 faslas
626 3432 741 3509 quum
766 3405 897 3484 misera
916 3405 1018 3483 Italia
1045 3399 1266 3480 subditione
1288 3405 1501 3483 Gothorum
1522 3401 1610 3481 esset
1629 3439 1637 3481 ι
1659 3418 1695 3484 δέ
1722 3429 1783 3478 me

440 3571 461 3600 ‚,
486 3509 607 3619 legisse
624 3516 776 3615 memini
789 3511 883 3619 ipsos
896 3538 1066 3622 magnam
1084 3511 1238 3619 stragem
1250 3510 1288 3586 in
1302 3509 1377 3617 ipsa
1391 3540 1496 3618 porta
1507 3508 1670 3590 edidisse.
1691 3513 1783 3589 For-

438 3678 461 3716 „
485 3618 570 3699 tass'c
589 3622 818 3728 pertinebant
836 3617 883 3696 ad
905 3623 1034 3698 Duces
1057 3622 1179 3722 quiin
1203 3645 1406 3697 memorata
1429 3622 1704 3728 oppugnatione
1723 3646 1783 3695 cc·

440 3787 461 3817 „
485 3727 674 3827 delerant,
704 3757 797 3836 quos
826 3728 961 3807 eodem
986 3726 1133 3836 sepelire
1164 3729 1248 3804 loco
1271 3726 1389 3804 visum
1420 3724 1493 3805 suit
1528 3756 1602 3831 quo
1626 3728 1782 3833 peremti

441 3896 461 3925 .‚
486 3835 570 3913 sunt
599 3873 607 3917 :
635 3864 781 3943 unoque
807 3833 910 3914 firisl'e
943 3862 1107 3942 tempore
1134 3834 1317 3913 confeuas
1344 3864 1431 3913 vero
1466 3834 1577 3911 simile
1604 3836 1666 3910 est.
1729 3838 1780 3910 Ex

442 4004 461 4032 ‚,
486 3949 698 4023 memoratis
722 3972 845 4022 autern
865 3948 964 4022 urnis
986 3944 1066 4025 dua
1095 3946 1130 4018 in
1154 3944 1337 4053 Qirinali
1364 3971 1490 4021 monte
1512 3943 1593 4020 sunt
1616 3937 1780 4046 proxime

442 4113 461 4141 „
486 4053 717 4159 Capucinos,
735 4065 995 4135 marmorea&
1007 4052 1253 4163 pregrandes,
1270 4054 1339 4128 alia
1359 4078 1402 4127 ex
1415 4056 1558 4157 granito
1577 4050 1622 4125 ad
1639 4046 1782 4125 sontem

441 4223 461 4251 ‚,
486 4163 613 4267 platea:
634 4158 741 4239 sansii
762 4163 903 4259 Marci,
923 4164 995 4239 alia
1015 4166 1052 4238 in
1076 4162 1252 4266 impluvio
1271 4158 1476 4237 Cardinalis
1492 4157 1670 4253 Farnesri‚
1697 4156 1779 4234 resr-

443 4330 464 4359 „
487 4269 566 4350 duae
585 4296 870 4377 circumquaque
896 4296 959 4373 per
975 4268 1112 4347 Urbem
1129 4265 1296 4371 dispersae
1317 4263 1409 4342 sunt.

542 4384 573 4456 R
591 4383 637 4455 R.
658 4380 738 4457 ΡΙ).
764 4379 945 4484 Capucini
972 4376 1111 4478 jamdiu
1138 4402 1182 4451 ex
1205 4373 1391 4483 Qirinali
1412 4373 1566 4451 transsati
1591 4372 1696 4473 suut,
1714 4373 1780 4451 ubi

486 4508 650 4591 tempore
667 4487 837 4564 Flaminii
850 4490 981 4563 Vaccae
994 4483 1190 4594 degebant.
1213 4484 1254 4558 In
1276 4483 1393 4585 platea
1414 4477 1519 4558 sansli
1537 4486 1654 4560 Marci
1673 4510 1778 4560 com-

480 4621 585 4699 patet
618 4594 802 4698 hodieque
829 4595 876 4674 ad
901 4595 1042 4672 fontem
1068 4621 1155 4675 uma
1181 4589 1397 4671 lFlarrrinio
1427 4617 1653 4689 memorata,
1677 4616 1781 4691 cujus

487 4706 578 4784 item
595 4701 679 4784 sunt
696 4731 777 4811 qun
798 4704 1003 4810 sequuntur.

1545 4837 1603 4912 75.
1618 4803 1779 4886 Memini
