4422 5692
451 505 524 558 222
877 454 1070 552 viariam
1095 452 1292 546 Italicum.

451 588 588 681 Pueri,
610 590 671 693 qui
691 586 914 694 Imperatori
930 587 968 657 m
987 576 1153 687 suggestu
1173 574 1314 657 sedenti
1325 575 1555 676 offeruntur,
1571 579 1746 658 videntur

453 688 522 774 else
542 692 778 772 Commodus
795 700 833 769 δε
852 690 993 765 Annius
1013 693 1045 766 V
1052 714 1134 764 erus
1147 684 1279 764 fratres
1299 751 1310 787 ,
1332 687 1485 794 quaudo
1503 709 1544 762 ot
1558 683 1742 785 Caesarum

456 801 566 881 titulo
583 802 842 910 insignirentur
859 861 869 894 ,
888 821 975 875 ante
993 794 1171 871 militares
1188 818 1330 870 turmas
1346 794 1517 902 producli
1533 789 1625 871 sunt.
1658 798 1698 872 N
1702 822 1740 872 e-

487 938 531 990 ue
544 906 674 987 desunt
693 910 755 1012 qui
769 904 950 981 allinierat
970 969 980 1000 ,
1004 908 1166 979 anticam
1187 899 1257 979 esse
1278 925 1422 1008 partem
1442 897 1619 979 exsectam
1644 929 1745 977 urna:

457 940 694 1126 sepulchralis
711 1011 888 1091 Faustinae
905 1035 969 1089 aut
989 1012 1100 1088 Annii
1113 1012 1212 1086 Veri.
1231 1008 1301 1087 Sed
1321 1006 1399 1084 liaec
1412 1011 1634 1115 conjeelurae
1650 1003 1740 1083 sunt.

461 1127 639 1219 Schema,
660 1118 917 1228 singularitatis
937 1146 1027 1225 ergo
1046 1184 1055 1217 ,
1074 1116 1136 1191 lile
1157 1120 1366 1224 apponitur.

413 1258 437 1294 *⁵
512 1235 824 1309 finitimus
866 1232 1068 1303 Vacca.
1116 1227 1160 1300 lo
1185 1230 1291 1301 vinea
1317 1222 1503 1301 Gabrielis
1523 1231 1658 1301 Vacca
1676 1250 1741 1333 pa.

417 1367 438 1401 >a
463 1341 576 1417 reutis
592 1340 664 1413 mci
683 1359 863 1442 ,propter
881 1332 1056 1411 Salariam
1074 1355 1222 1439 portam
1241 1336 1338 1433 intra
1354 1329 1742 1430 muros,eslvallisdi-

415 1474 438 1509 υ
463 1451 519 1523 en
538 1510 548 1545 ,
568 1443 670 1519 horti
690 1439 895 1521 Sallustiani
917 1476 925 1517 ε
947 1438 1086 1517 ibidem
1106 1439 1326 1515 excavando
1344 1505 1354 1537 ,
1373 1462 1480 1546 pater
1498 1465 1601 1516 nicus
1611 1443 1647 1514 in
1659 1438 1742 1513 aedi.

415 1580 438 1616 ³³
463 1553 585 1630 ficium
607 1550 749 1660 grande
769 1549 927 1647 incidit,
951 1547 1049 1623 ovali
1069 1544 1191 1623 sorma
1207 1545 1402 1645 str‘ustuni,
1421 1574 1505 1623 cum
1544 1548 1746 1622 orticucir-

415 1686 439 1722 ³³
464 1684 549 1740 curn
567 1724 577 1758 ,
594 1656 727 1734 ornatd
745 1657 927 1733 columnis
946 1682 993 1734 ex
1010 1652 1107 1731 slavo
1123 1679 1333 1751 marmore,
1352 1571 1585 1760 longitudlne
1597 1651 1744 1730 duode-

417 1796 438 1829 τι
467 1771 593 1874 uiginti
610 1765 850 1873 palmorum,
870 1790 955 1839 cum
974 1757 1206 1868 capitellis&
1226 1758 1368 1836 basibus
1385 1760 1599 1836 Corinthiis.
1622 1759 1682 1835 Ad
1694 1785 1744 1835 «τ-

416 1902 440 1935 ²>
466 1874 628 1951 dificium
647 1869 855 1976 hujusmodi
874 1934 884 1966 ,
910 1866 1008 1944 ovali
1027 1866 1149 1944 forms
1166 1865 1387 1944 edificatum
1406 1932 1415 1965 ,
1443 1890 1604 1973 quatuor
1622 1866 1745 1942 aditus

417 2010 439 2041 >³
464 2005 598 2078 erant,
621 1978 858 2084 totidemque
879 1971 980 2052 scalis
998 1970 1275 2052 ascendebatur.
1306 1977 1568 2052 pavimentum
1583 1970 1745 2081 superius

417 2117 439 2146 ’³
464 2118 510 2167 ex
526 2112 714 2165 marmore
734 2090 836 2161 vario
854 2088 1036 2159 concinne
1048 2080 1181 2264 posto
1197 2080 1257 2158 Ad
1279 2080 1370 2157 ostia
1380 2080 1537 2188 fingula,
1549 2079 1745 2157 columnas

416 2223 440 2255 ν’
465 2196 567 2273 binas
587 2191 900 2302 deprehendimus
921 2217 967 2267 ex
986 2187 1046 2265 ala
1074 2186 1197 2265 astrite
1220 2188 1434 2284 Orientali,
1457 2192 1510 2263 ita
1528 2186 1738 2294 pellucido,

417 2329 440 2362 >³
464 2327 505 2379 ut
522 2299 602 2378 solis
620 2300 715 2378 radii
734 2296 843 2376 facile
863 2300 1087 2402 trajicerent.
1107 2293 1180 2371 Sub
1200 2294 1267 2371 isto
1292 2293 1390 2371 ovali
1407 2293 1564 2371 aedificio
1583 2360 1593 2392 ,
1614 2296 1745 2371 dudus

417 2437 440 2468 ‘³
465 2405 644 2516 quosdam
664 2411 892 2514 reperimus,
915 2431 959 2482 ea
978 2399 1225 2501 sublimitate,
1244 2425 1286 2477 ut
1304 2406 1443 2479 ereslus
1462 2401 1580 2477 homo
1592 2427 1743 2509 progre-

417 2544 439 2575 ³³
463 2517 501 2592 di
520 2520 558 2592 m
583 2511 822 2591 subterraneo
841 2511 982 2588 valeret
996 2532 1195 2615 :erantque
1213 2505 1451 2585 subterranea
1469 2507 1533 2586 illa
1552 2533 1749 2586 marmore

416 2650 440 2683 ³>
464 2625 601 2706 Gracco
618 2621 782 2727 undique
805 2618 942 2696 vestita.
967 2620 1111 2695 Duslus
1127 2619 1239 2691 etiam
1260 2615 1352 2691 duos
1367 2614 1562 2722 plumbeos
1581 2611 1742 2693 offendi-

417 2756 440 2790 2’
462 2759 564 2830 mus,
587 2730 718 2806 decem
740 2726 953 2835 palmorum
977 2722 1239 2829 longitudine,
1262 2750 1422 2826 quorum
1439 2723 1663 2800 diametrum
1681 2748 1744 2798 va-

417 2863 441 2899 »
464 2866 574 2915 cuum
594 2840 698 2912 unius
720 2900 730 2933 ,
755 2856 796 2910 ut
814 2836 933 2909 minus
950 2897 961 2931 ,
980 2830 1093 2938 palmi
1110 2852 1221 2926 etat,
1250 2825 1601 3011 inscriptionempue
1621 2824 1745 2933 hujus.

418 2970 441 3005 ³³
465 2945 569 3022 modi
589 2940 1138 3051 praeferebanteNeuouis
1175 2938 1523 3017 CtaonrusAE
1555 2940 1743 3012 uslairem

421 3076 442 3111 ³>
466 3051 603 3129 eodem
622 3050 708 3126 loco
725 3047 827 3125 suere
846 3040 1066 3122 numismata
1087 3043 1272 3119 Gordiani
1283 3043 1378 3121 bene
1390 3044 1507 3119 multa
1517 3070 1639 3141 anea,
1657 3043 1747 3118 liinc

419 3183 442 3218 ²³
466 3169 503 3237 δε
528 3157 616 3234 inde
636 3151 782 3263 sparsa,
808 3162 846 3231 &
871 3151 1041 3260 quadarn
1069 3174 1275 3257 argentea,
1298 3145 1458 3227 sednon
1479 3152 1621 3254 majora
1640 3176 1747 3227 aeneo

419 3292 444 3326 υ
468 3266 698 3373 quadrante,
719 3260 871 3339 cumbis
885 3264 997 3337 etiam
1009 3258 1147 3334 musiva
1160 3282 1275 3364 opera
1285 3284 1396 3362 quam
1407 3256 1577 3364 plurima.
1593 3260 1645 3334 Eo
1656 3281 1749 3333 tem-

422 3397 446 3430 ²>
468 3399 560 3480 pore
584 3369 794 3449 Cardinalis
814 3368 862 3445 de
887 3362 1206 3472 Montepolitiano
1223 3427 1234 3462 ,
1253 3387 1398 3469 partem
1420 3362 1678 3439 columnarum
1700 3390 1747 3439 ex

422 3503 446 3536 ’a
469 3482 566 3556 slavo
585 3503 772 3553 marmore
792 3478 955 3571 coemit,
976 3500 1020 3551 ex
1043 3468 1173 3577 quibus
1192 3468 1338 3545 clatlrra
1357 3469 1507 3577 capella
1527 3466 1690 3574 ejusdem
1709 3476 1750 3546 in

423 3610 447 3643 ‘³
471 3586 623 3664 ecclesia
638 3581 747 3661 {anui
761 3584 860 3659 Petri
871 3586 908 3656 in
920 3583 1116 3659 Montorio
1127 3577 1330 3677 ,adornata
1340 3574 1429 3654 sunt.
1443 3577 1647 3655 Colunmas
1658 3580 1752 3654 item

424 3718 447 3751 ²³
471 3722 516 3769 ex
534 3693 742 3768 alabastrite
767 3692 1025 3796 comparavit,
1045 3714 1201 3792 quarum
1217 3713 1330 3762 unam
1351 3682 1532 3763 detersam
1558 3683 1752 3783 sordibus,

424 3824 447 3857 *a
473 3828 559 3905 quia
574 3807 718 3906 integra
730 3820 810 3875 erat
823 3861 833 3894 ,
845 3794 1001 3902 expoliri
1020 3792 1109 3872 fecit
1128 3838 1137 3892 3
1158 3819 1203 3869 ex
1214 3791 1291 3868 aliis
1309 3818 1398 3869 vero
1414 3792 1533 3869 stadis
1558 3802 1594 3870 ἃ*
1615 3796 1652 3867 in
1671 3790 1754 3867 fro-

425 3931 448 3965 ³>
472 3908 525 3982 sta
545 3907 720 4000 redaelis,
740 3902 876 3979 abacos
894 3902 1101 3977 adornavit.
1119 3903 1246 4003 Quam
1256 3896 1515 4006 supellcslilern
1530 3928 1612 3975 cum
1625 3903 1754 4005 magni

426 4039 449 4069 >³
472 4020 493 4089 i·
511 4010 543 4091 se
563 4013 704 4090 saceret
717 4077 727 4108 ,
741 4009 812 4086 und
832 4038 917 4085 cum
934 4008 1011 4085 aliis
1023 4010 1098 4083 anti
1128 4003 1757 4112 uitatummonimentisabacisque,

426 4145 450 4177 ‘²
474 4044 617 4197 donum
642 4118 834 4196 Lufitaniae
856 4120 952 4233 Regi
973 4034 1209 4211 destinsbat,
1237 4107 1299 4189 sed
1319 4112 1382 4188 ubi
1401 4119 1437 4189 in
1463 4113 1579 4189 altum
1607 4109 1754 4219 proces-

429 4252 451 4284 ’³
474 4225 565 4304 sisset
585 4232 685 4302 nauis
702 4290 712 4323 ,
732 4221 902 4300 volubilis
919 4230 1091 4320 lortuna,
1111 4223 1150 4296 in
1169 4220 1269 4325 cujus
1285 4246 1397 4296 manu
1414 4225 1545 4330 pignus
1564 4245 1753 4318 crat,mu-

429 4356 455 4393 ’ἑ
477 4366 541 4412 nus
559 4331 766 4439 hujusmodi
783 4336 876 4407 mari
894 4328 1043 4407 obtulit.

430 4465 453 4496 ³³
530 4447 571 4517 lo
601 4441 687 4515 villa
715 4443 766 4515 D.
789 4437 916 4514 Caroli
935 4441 1047 4514 Mutii
1067 4502 1078 4534 ,
1097 4435 1201 4512 haud
1218 4437 1353 4543 procul
1367 4435 1483 4510 liortrs
1509 4438 1748 4533 Sallttltzanis,

430 4570 455 4603 “³
479 4575 664 4655 repertum
690 4550 842 4622 memmi
868 4548 1034 4620 Faunum
1061 4542 1204 4650 vulgari
1235 4543 1371 4618 statura
1391 4546 1569 4639 rnajorcm
1589 4608 1598 4640 ,
1617 4548 1676 4646 qui
1695 4547 1749 4616 in-

432 4677 455 4711 t·
476 4655 616 4733 struem
637 4653 791 4731 brachio
807 4651 1003 4765 gestabat,
1029 4660 1067 4728 δε
1094 4677 1155 4728 vas
1177 4651 1321 4760 grande
1350 4679 1435 4727 cum
1451 4638 1587 4731 'Fatuus
1605 4658 1642 4726 δε
1658 4654 1757 4727 Βαεᾳ
