4414 5692
476 414 556 484 266
945 382 1129 476 niarium
1149 386 1344 481 Italicum.

435 531 460 569 ’³
535 510 610 591 Sub
629 511 864 592 arcunoslro
884 509 1003 589 voluit
1020 534 1129 618 pater
1147 540 1251 594 meus
1274 514 1409 596 cellam
1421 520 1602 594 vinariam
1614 517 1775 599 aedifica.

436 640 460 675 ’³
482 647 523 700 re
542 686 553 720 ,
574 622 781 728 inciditque
798 623 837 695 in
854 616 1067 726 fragmenta
1085 622 1206 698 multa
1225 626 1472 725 cosmidum,
1488 654 1649 731 quorum
1661 657 1777 707 unum

437 750 461 784 ’³
485 730 722 837 longitudine
750 726 964 835 palmorum
991 729 1208 829 tredecim,
1237 731 1445 813 laditudine
1473 737 1582 831 ocl0,
1609 733 1777 844 lithurgo

438 857 463 892 ’³
485 838 675 935 vendidit,
687 840 750 944 qui
761 832 826 913 illo
844 832 895 913 est
914 829 995 919 usus
1013 865 1083 946 pro
1100 834 1294 948 sepulcrali
1310 840 1439 919 tabula
1458 839 1780 951 MelpliitaniDu-

439 965 464 999 ’³
487 953 558 1045 cis,
579 974 658 1053 qua
678 953 715 1021 in
732 942 885 1023 ecclesia
903 943 960 1023 del
970 946 1088 1049 popolo
1105 943 1338 1055 conspicitur.

439 1072 464 1108 ’θ
540 1054 741 1133 Recordor
758 1056 945 1135 Victorias
962 1083 1047 1131 cum
1069 1056 1204 1131 aedium
1223 1051 1366 1133 suarum
1389 1055 1637 1136 fundamenta
1653 1060 1776 1165 jacere

440 1181 465 1215 ‘³
487 1162 656 1260 vellent,
681 1155 854 1240 invenisse
871 1158 1007 1241 scalam
1049 1164 1204 1241 tandem
1226 1192 1329 1271 ,qua
1347 1164 1396 1241 ad
1417 1163 1583 1243 thermas
1600 1168 1774 1276 Agrippa

441 1289 466 1323 ’³
488 1264 676 1348 adscensus
697 1294 787 1350 erat.
805 1272 929 1376 Hujus
947 1189 1084 1381 gradus
1098 1276 1300 1350 marmorei
1316 1273 1477 1352 multum
1490 1270 1589 1351 obesi
1600 1300 1644 1350 ac
1661 1275 1777 1353 detri-

442 1384 651 1457 ”tierent
692 1378 812 1458 Haud
834 1377 947 1457 dubie
976 1379 1038 1457 liic
1065 1381 1186 1458 aditus
1209 1379 1442 1459 thermarum
1465 1383 1668 1488 praecipuus
1685 1408 1775 1460 erat.

442 1504 465 1540 ’³
488 1492 614 1567 Tanta
632 1486 702 1564 suit
713 1516 827 1596 porro
837 1482 1114 1568 scaturientium
1123 1516 1306 1600 aquarum
1322 1492 1500 1601 copia,ut
1515 1486 1607 1566 niliil
1623 1487 1775 1568 ulterius

442 1612 466 1651 ²²
487 1600 665 1674 rimantes
679 1593 924 1674 fundamenta
939 1622 1134 1706 ponerent.

542 1705 699 1813 insignia
717 1704 764 1782 de
784 1704 940 1783 thermis
958 1708 1133 1815 Agrippa
1151 1704 1258 1784 nobis
1277 1705 1338 1784 hic
1356 1710 1475 1815 aperit
1494 1706 1693 1784 flaminius
1711 1772 1721 1802 ,
1740 1713 1778 1784 δέ

485 1818 723 1919 vaporarium
753 1812 825 1892 sive
844 1813 1114 1921 hypocaustum
1134 1811 1308 1893 describit
1328 1813 1438 1921 quale
1464 1842 1485 1890 a
1513 1817 1643 1892 Dione
1662 1838 1775 1920 atquc

487 1921 609 1997 Plinio
629 1917 850 1999 recensetur.
877 1925 985 1999 Prior
1004 1921 1067 2000 lib.
1090 1951 1182 2001 rrr1.
1202 1923 1251 1999 lic
1269 1921 1386 2002 habet
1407 1957 1415 1999 ε
1441 1931 1604 2030 Agrippa
1625 1947 1773 2023 conpono-

488 2060 574 2106 naon
594 2032 902 2128 Loaronr'romftrit.
922 2044 1128 2109 Laconicum
1138 2054 1255 2107 autom
1264 2029 1665 2138 dicituridgeousbolnrr'
1676 2060 1777 2134 ,qoo-

490 2152 584 2211 on'aoa
602 2136 656 2212 loir
676 2162 748 2212 ram
769 2139 891 2213 trudon
908 2162 1038 2239 corporo
1056 2200 1068 2231 ,
1087 2164 1158 2215 tum
1177 2151 1292 2246 inungi
1310 2138 1378 2215 oleo
1389 2137 1776 2243 proecipuovidrbomtor.

492 2243 630 2321 Plinius
649 2273 738 2323 vero
758 2244 781 2322 l.
801 2274 910 2323 xxxv.
932 2271 1011 2354 cap.
1029 2276 1079 2324 rv.
1107 2260 1153 2326 In
1174 2245 1401 2327 Thermarum
1420 2274 1553 2352 quoqne
1572 2245 1778 2330 calidissimo

486 2379 587 2455 parte
605 2354 825 2430 narratoribus
842 2355 1018 2462 inclastror
1031 2379 1166 2456 parvas
1189 2354 1337 2432 nobellos
1351 2415 1362 2446 ,
1378 2352 1483 2453 pozolo
1500 2377 1686 2457 antequam
1706 2351 1776 2451 rofi-

490 2458 812 2568 rooonnnfioblotor.
832 2465 1030 2569 Vaporarii
1046 2490 1160 2569 porro
1180 2460 1275 2537 illius
1291 2464 1468 2538 Laconici
1484 2459 1647 2537 formam
1660 2465 1779 2567 expri.

490 2571 559 2644 mit
575 2567 802 2667 Flaminius,
831 2597 916 2645 cum
934 2574 985 2645 ait
1001 2574 1259 2677 pavimentum
1277 2567 1516 2646 firmilsrmum
1541 2566 1622 2675 pilis
1641 2562 1776 2645 susten,

490 2700 611 2753 tatum
627 2669 726 2754 fuisse
748 2721 757 2777 5
778 2681 829 2753 ita
846 2701 887 2754 ut
904 2681 1002 2754 inter
1018 2677 1110 2785 pilas
1127 2672 1337 2785 hujusmodi
1357 2742 1368 2775 ,
1386 2681 1480 2785 ignis
1497 2680 1716 2784 pavimento
1741 2683 1780 2754 ἃ

492 2783 722 2890 hypocausto
748 2783 1004 2864 calefaciendo
1030 2781 1270 2891 subjiceretur
1289 2831 1298 2885 3
1320 2785 1358 2863 id
1381 2808 1507 2862 autem
1525 2788 1781 2892 vaporarium,

492 2891 649 2999 perinde
668 2918 781 2999 atque
799 2892 1213 2993 Pliniu5,marmoribars
1231 2893 1402 2973 vestitum
1423 2918 1559 2970 narrat.
1582 2891 1781 2970 Columnis

493 3025 643 3076 ornatas
662 3000 847 3099 thermas,
867 3003 1000 3080 eadem
1013 3003 1085 3108 qud
1096 3007 1260 3109 porticus
1278 3003 1506 3080 Pantheonis
1517 3000 1781 3107 capitellorum

493 3106 614 3185 fornii
636 3108 818 3185 Flaminio
836 3134 1011 3189 narrante
1029 3106 1207 3188 discimus.
1229 3109 1373 3190 Scalam
1392 3133 1518 3185 autem
1539 3113 1590 3183 ita
1601 3104 1781 3186 detritam

494 3212 555 3293 usu
574 3212 775 3292 lirisseniliil
789 3224 923 3293 mirum
966 3221 1053 3323 quia
1072 3216 1237 3294 thermas
1255 3212 1389 3311 hasce,
1410 3243 1490 3322 quat
1509 3215 1610 3323 pribs
1629 3220 1783 3323 privatae

495 3324 663 3419 suerantff,
682 3324 906 3402 testamento
925 3283 988 3401 suo
1009 3323 1173 3431 publicas
1193 3323 1282 3402 fecit
1303 3324 1394 3425 Agri
1423 3350 1480 3431 pa.

548 3436 649 3509 llinc
673 3430 822 3509 lustrati
842 3438 873 3511 S.
896 3432 1026 3511 Caroli
1041 3444 1077 3508 in
1097 3444 1259 3513 Cottonara
1277 3350 1451 3530 ecclesii,
1470 3432 1782 3536 cujusornamen.

498 3564 535 3615 ta
556 3541 734 3617 notnlima
754 3607 764 3637 ,
781 3546 855 3617 itur
875 3547 911 3617 in
923 3540 1136 3619 Matthaeias
1146 3538 1786 3646 aedes,statuis,anaolyphis‚mar-

498 3645 703 3754 moreisque
726 3649 856 3725 mediis
875 3649 1029 3748 statum,
1056 3648 1241 3757 elegantid
1258 3648 1431 3755 singulari
1452 3606 1786 3744 calarinreferras.

499 3756 559 3831 dd
583 3756 662 3833 istas
678 3752 789 3863 usque
806 3758 902 3835 ades
922 3757 1159 3871 pertingebat
1177 3762 1293 3833 circus
1311 3756 1536 3853 Flaminius,
1559 3759 1622 3860 qui
1643 3757 1787 3860 regioni

499 3861 566 3939 suc
590 3891 729 3940 nomen
747 3866 937 3942 indiderat
956 3868 1147 3972 :ejusque,
1172 3870 1324 3944 ineunte
1344 3860 1474 3939 sacculo
1505 3892 1581 3938 xvi.
1609 3860 1789 3969 vestigia,

500 3972 629 4048 Fuluio
649 4000 691 4047 ac
718 3974 869 4078 ligorio
889 3974 1145 4073 narrantibus,
1160 3967 1555 4080 supererant,necn0n
1567 3968 1703 4076 gradus
1714 3964 1788 4075 spe-

498 4084 610 4156 c‘lann
630 4077 770 4185 populo
790 4079 971 4160 destinati.
996 4080 1143 4161 Ibidem
1160 4106 1242 4159 erat
1259 4105 1336 4159 tem
1366 4078 1442 4154 luni
1461 4081 1654 4185 Neptuni,
1673 4098 1715 4151 ut
1730 4071 1786 4151 iis.

500 4200 585 4265 dem
617 4216 654 4264 m
681 4180 771 4263 locis
791 4188 1021 4295 deprehensa
1038 4185 1225 4298 inscriptio
1246 4108 1541 4284 testidcabatur,
1566 4212 1678 4292 quam
1702 4187 1788 4291 quia

502 4296 692 4374 Nardinna
711 4294 888 4376 mendose
905 4299 1067 4397 adtulit,
1085 4298 1147 4375 hic
1165 4294 1290 4375 sanam
1310 4297 1451 4374 damus.

663 4514 1009 4592 ABSCANTO
1052 4514 1333 4593 AVGVSTI
1379 4512 1478 4589 LIB.

787 4624 1083 4706 AEDITVO
1126 4623 1311 4701 AEDIS
