4264 5684
1115 440 1244 579 Caput
1265 468 1450 580 quanam.
1877 478 1930 561 59

625 576 694 689 pli,
714 583 764 658 ita
782 605 825 659 ut
843 578 881 659 in
900 576 1068 659 omnibus
1083 587 1246 685 quinque
1267 575 1568 684 quaternionibus
1585 597 1655 655 nec
1671 570 1823 679 unicum
1842 604 1928 656 vet·
1949 608 1972 642 α

625 691 718 765 bum
736 695 856 796 legere
876 690 1072 795 potuerim,
1084 715 1209 791 prater
1224 693 1303 765 illas
1322 717 1454 794 paucas
1473 687 1629 793 syllabas
1656 712 1746 789 quas
1767 684 1926 763 delinea-
1949 720 1970 748 ι

625 821 680 873 tas
698 796 746 872 ad
766 794 1028 875 Celsrtudinem
1048 797 1199 873 vestram
1221 795 1308 873 mili.
1354 796 1470 898 Quod
1490 798 1714 873 Dominium
1742 796 1809 871 lios
1836 822 1925 898 qua·
1949 826 1971 859 κ

624 909 809 984 terniones
839 910 1052 1013 largiturum
1072 906 1134 1001 stt,
1157 905 1309 981 arduum
1332 933 1422 1011 puto
1453 918 1489 985 dc
1509 903 1756 1006 impossibile,
1786 906 1924 979 etenim
1950 934 1972 964 ι

624 1013 790 1091 sancium
809 1017 983 1092 Marcum
1003 1041 1044 1091 ut
1065 1017 1306 1119 protcelorem
1324 1039 1530 1090 veneratur.
1563 1011 1822 1087 Nihilominus
1842 1010 1926 1086 scis·
1950 1040 1973 1073 κ

624 1119 769 1197 citabor
789 1123 835 1198 ab
853 1123 1037 1231 aliquibus
1060 1121 1360 1198 Procuratoribus
1380 1122 1457 1199 divi
1472 1122 1591 1196 Marci
1614 1119 1705 1223 quid
1723 1118 1763 1193 sit
1784 1118 1803 1192 s
1799 1146 1927 1221 peran·
1950 1150 1974 1181 κ

624 1226 738 1324 dum,
760 1242 797 1309 δέ
822 1258 948 1307 eorum
972 1230 1123 1306 consilio
1151 1256 1211 1304 me
1232 1231 1419 1337 dirigam,
1452 1230 1679 1334 quaomnia
1701 1225 1925 1306 celsitudini
1952 1257 1975 1289 ·

626 1335 748 1416 vcstrae
767 1337 991 1450 fignificabo.
1028 1338 1196 1421 Veneriis
1219 1367 1279 1433 29.
1301 1341 1388 1428 Julii
1412 1368 1442 1440 15

1202 1562 1343 1660 Aliud.

655 1840 657 1844 -
680 1781 810 1885 Qum
838 1782 960 1858 rursus
989 1780 1137 1859 videam
1165 1774 1392 1882 perseverare
1413 1776 1682 1858 Cclfitudinem
1709 1780 1859 1859 vestram
1890 1781 1928 1858 in
1950 1792 1974 1822 ‘³

624 1907 718 1963 voto
739 1889 899 1993 potiendi
921 1891 1088 1992 quinque
1102 1885 1423 1988 quaternionibus,
1439 1913 1518 1963 utar
1536 1891 1710 1966 omnibus
1729 1890 1862 1968 mediis
1879 1886 1928 1965 ad
1953 1900 1976 1930 '⁸

623 2018 686 2068 eos
700 1993 969 2102 consequendos
982 2033 990 2079 3
1004 1996 1175 2069 nimirum
1195 1990 1282 2068 data
1294 1995 1501 2090 occasione,
1517 1999 1697 2095 quoniam
1718 1999 1782 2073 etfi
1801 2023 1928 2074 omnes
1952 2007 1975 2037 ¹¹

625 2100 882 2179 Procuratores
909 2102 982 2178 divi
1005 2101 1124 2177 Marci
1160 2103 1396 2177 convenirem
1421 2165 1431 2198 ,
1463 2127 1571 2177 nemo
1592 2129 1635 2178 ex
1655 2106 1697 2178 iis
1713 2107 1807 2181 milii
1827 2131 1928 2181 aures
1954 2115 1976 2145 ‘⁸

625 2205 829 2309 praeberet,
855 2210 915 2285 nisi
934 2206 1090 2284 fortuito
1120 2208 1157 2281 in
1185 2210 1243 2281 via
1269 2209 1425 2285 &brevi
1448 2206 1614 2285 sermone
1630 2239 1692 2286 eos
1713 2212 1845 2289 obvios
1864 2213 1930 2287 lia·
1954 2224 1975 2252 ⁸

626 2315 766 2392 berem.
803 2320 959 2423 Qippe
978 2320 1059 2422 lege
1081 2312 1321 2419 prohibentur
1342 2317 1488 2393 Patricii
1511 2321 1648 2394 Veneti
1679 2346 1764 2395 cum
1786 2323 1931 2397 Orato·
1954 2330 1978 2362 '¹

624 2421 724 2497 tibus
745 2425 958 2528 Principum
972 2421 1129 2515 versari,
1151 2422 1307 2524 ideoque
1324 2425 1483 2500 nostram
1502 2422 1716 2504 societatem
1734 2424 1930 2533 effugiunt.
1955 2439 1978 2469 ‘¹

624 2526 774 2633 Sediqui
797 2532 912 2608 custos
923 2532 971 2605 est
982 2530 1267 2632 quaternionum
1285 2527 1378 2606 mihi
1392 2529 1588 2635 spopondit
1609 2529 1645 2607 se
1667 2558 1879 2611 curaturum
1889 2556 1931 2607 ut
1954 2545 1978 2575 ⁶¹

624 2633 877 2714 exscribantur
909 2643 1009 2738 juxta
1037 2635 1325 2742 Autogtaphum
1354 2644 1478 2713 colore
1504 2638 1626 2715 herba:
1656 2640 1800 2744 pallida
1824 2675 1832 2715 ι
1856 2643 1928 2717 lroc
1954 2654 1975 2681 ³

624 2746 809 2847 exemplar
826 2746 929 2821 brevi
946 2743 1149 2837 obtineb0,
1169 2753 1206 2820 dc
1221 2769 1308 2818 mox
1325 2744 1568 2821 transmittam
1591 2746 1636 2821 ad
1655 2744 1927 2825 Celsitudincm
1952 2760 1974 2790 '⁸

627 2848 807 2948 vestram,
838 2877 969 2928 notum
994 2847 1132 2926 faciens
1161 2847 1341 2956 quidquid
1369 2878 1459 2931 cum
1481 2854 1786 2935 Procuratotibus
1804 2882 1927 2967 egero.
1952 2868 1974 2897 ‘⁸

626 2954 796 3037 Venetiis
817 2976 874 3041 26.
893 2962 990 3067 Aug.
1012 2970 1109 3057 1564.
1950 2973 1974 3006 α

1209 3164 1349 3266 Aliud.

687 3389 757 3465 Per
776 3381 1028 3463 Tabellarium
1053 3383 1163 3460 mitto
1193 3378 1241 3457 ad
1264 3380 1531 3462 Celfitudinem
1557 3388 1710 3465 vestram
1738 3393 1926 3496 exemplar
1950 3408 1971 3440 ‘¹

622 3496 732 3569 unius
753 3490 836 3569 folii
861 3495 1049 3595 Evangelii
1071 3491 1146 3566 divi
1169 3491 1322 3587 Marci,
1351 3494 1452 3590 juxta
1471 3497 1764 3601 magnitudinem
1784 3499 1924 3578 codicis
1949 3517 1971 3549 ·

625 3604 848 3677 &colorem
864 3598 1073 3701 Scriptura.
1110 3600 1274 3675 Veneriis
1295 3601 1539 3678 28.Osiobris
1563 3618 1658 3702 1564.
1948 3624 1971 3654 ⁸

681 3708 903 3811 Huc-usque
916 3707 1093 3811 Epistola,
1110 3732 1154 3779 ex
1173 3707 1307 3809 quibus
1322 3708 1631 3784 multaeruuntur.
1661 3712 1788 3789 Primb
1808 3716 1926 3794 Caro·
1948 3733 1970 3763 ⁸

621 3819 702 3890 lum
725 3818 798 3890 IV.
817 3810 1012 3891 obtinuisse
1033 3813 1127 3888 duos
1143 3813 1291 3887 ultimos
1308 3818 1561 3916 quaterniones
1582 3816 1718 3893 codicis
1742 3821 1776 3896 S.
1793 3825 1924 3921 Marci,
1946 3842 1968 3870 ‘⁸

623 3948 736 4024 atque
753 3923 817 3998 hos
838 3920 930 3997 duos
947 3946 1133 3996 extremos
1152 3915 1268 3995 deesse
1290 3921 1411 3996 codici
1436 3926 1593 3999 Veneto,
1623 3922 1785 4029 Idipsum
1807 3936 1923 4008 Caro·
1947 3947 1969 3978 ⁶

624 4031 678 4103 lus
696 4028 912 4135 significavit
929 4030 1061 4103 ultima
1073 4025 1245 4104 Ouobris
1263 4025 1423 4127 ejusdem
1442 4034 1526 4104 anni
1546 4060 1631 4132 1355·
1661 4035 1808 4112 Ernesto
1821 4038 1922 4141 Epis·
1945 4057 1969 4083 ⁰¹

622 4164 718 4239 copo
735 4149 772 4215 bc
786 4140 948 4240 capitulo
960 4135 1140 4241 Pragensi,
1152 4132 1282 4209 litteris
1302 4132 1396 4210 datis
1409 4134 1596 4214 Feltriaein
1616 4140 1819 4240 Foroiulio,
1840 4173 1921 4246 quae
1944 4168 1966 4198 ⁶¹

624 4246 707 4321 sunt
740 4242 838 4346 apud
864 4242 1102 4321 Bollandistas
1130 4266 1219 4317 tom.
1242 4270 1270 4341 3.
1293 4242 1431 4346 Aprilis
1452 4271 1533 4352 pag.
1561 4276 1633 4348 345.
1664 4272 1775 4348 atque
1794 4253 1831 4324 in
1850 4252 1921 4326 illis
1945 4278 1968 4309 υ

621 4353 725 4455 jubet
745 4350 921 4427 solemnia
949 4375 1106 4452 quaque
1122 4349 1235 4452 parari
1266 4374 1332 4449 pro
1350 4346 1513 4427 adventu
1534 4357 1818 4459 quaternionum
1841 4354 1921 4434 divi
1943 4385 1966 4414 ¹·

622 4462 770 4552 Marci,
788 4487 878 4563 quos
891 4455 1013 4534 subdit
1029 4483 1100 4531 una
1120 4482 1206 4531 cum
1228 4454 1371 4563 integro
1386 4454 1517 4533 codice
1530 4463 1670 4538 Latinis
1687 4462 1816 4540 litteris
1834 4463 1921 4540 scri·
1944 4489 1965 4517 ⁶¹

622 4592 719 4671 ptos.
747 4570 987 4679 Qapropter
1004 4564 1213 4641 hallucinati
1234 4561 1316 4637 sunt
1334 4567 1542 4669 quicunque
1559 4564 1730 4644 eumdem
1748 4573 1920 4650 codicem
1943 4598 1965 4628 ⁸

624 4680 798 4765 Gracuin
816 4670 885 4751 ess'e
904 4675 1206 4781 pronuntiarunt,
1227 4671 1322 4751 inter
1338 4699 1429 4776 quos
1445 4670 1515 4755 suit
1527 4678 1727 4756 Cornelius
1746 4679 1764 4755 5
1780 4680 1919 4792 Lapide
1940 4706 1961 4743 ⁶

1648 4786 1746 4894 nr,
