4264 5684
874 458 1004 593 Caput
1014 458 1230 597 fiprinrutn.
1647 497 1705 579 97

823 780 1070 878 CAPUT
1144 785 1266 878 Vll.

393 965 551 1096 Ecclefiu
573 977 612 1066 S.
633 961 771 1070 Vitalis
790 970 1058 1098 Raveunenfis.
1087 973 1425 1103 Monogrammatu
1442 970 1534 1070 Titi
1556 972 1705 1070 Corne·

460 1096 503 1191 lii
517 1109 689 1236 Nepotis.
719 1111 829 1236 Epire
854 1104 957 1196 lium
977 1101 1096 1238 lfitaei
1117 1099 1295 1195 Etrarchi.
1317 1099 1446 1198 Aliud
1463 1103 1702 1238 epitaphium.

457 1234 711 1369 Inscriptioner
734 1133 914 1372 putealem.
945 1229 1259 1367 PyrgurAgnelli
1279 1241 1319 1325 in
1337 1231 1474 1363 eeclesia
1489 1235 1705 1331 Carlredru·

458 1362 497 1456 li.
524 1362 678 1494 Ecclrfia
699 1374 947 1458 canonicorum
968 1362 1225 1499 Regularium.
1255 1372 1321 1459 De
1340 1366 1705 1502 MonastetiisClaf

449 1493 555 1629 finfi
571 1519 629 1604 (y
646 1493 758 1590 beata
775 1504 920 1590 Maria
939 1495 1158 1621 Portuenfis.
1202 1499 1370 1730 Rrepffus
1391 1509 1502 1590 maris
1524 1502 1702 1599 Hadria·

456 1636 530 1718 tici.
574 1634 640 1720 De
655 1628 837 1723 cataracte
861 1625 1000 1727 Velini.
1036 1632 1246 1723 Adventus
1306 1666 1438 1719 onram.

465 1871 559 1948 Etr
572 1894 593 1947 r
606 1893 763 1950 uaxrs
785 1866 847 1946 die
864 1865 1021 1948 secunda
1041 1870 1257 1950 Ravennam
1278 1870 1470 1970 venimus,
1490 1888 1528 1957 &
1545 1881 1583 1951 in
1607 1878 1700 1955 Mo-

465 1976 658 2053 nasterium
683 1977 720 2056 S.
738 1977 871 2054 Vitalis
901 1976 1072 2083 postridie
1099 2005 1211 2085 quam
1233 1975 1375 2056 obierat
1391 1978 1518 2057 Abbas
1549 1979 1698 2060 diverti·

392 2110 486 2162 mus.
512 2084 671 2163 Ecclesia
690 2086 728 2160 in
745 2082 1005 2188 antiquilsrmis
1017 2089 1173 2190 Europa:
1189 2085 1327 2180 fertur,
1343 2083 1546 2191 speciabilis
1564 2084 1697 2187 forma,

393 2218 524 2271 ornata
538 2217 721 2269 marmore
739 2195 842 2270 vario
863 2217 1046 2297 opereque
1067 2193 1217 2271 muslVO.
1248 2189 1303 2270 lbi
1323 2191 1446 2272 videre
1463 2196 1515 2272 est
1529 2195 1699 2283 justinia-

391 2303 431 2377 ni
449 2300 607 2408 effigiem
628 2302 865 2406 imperatorio
882 2302 1007 2399 cultu,
1033 2327 1117 2379 cum
1143 2300 1350 2408 Episcopo,
1369 2300 1550 2379 Diaconis
1576 2314 1614 2382 δι
1631 2300 1699 2380 ad-

391 2410 582 2506 ministris,
596 2408 743 2500 vestitu,
754 2430 795 2484 ut
814 2407 900 2485 tulit
914 2435 1022 2507 aetaS,
1037 2408 1136 2486 sacro
1152 2420 1190 2490 &
1204 2404 1369 2486 solemni.
1393 2408 1457 2486 Ab
1473 2412 1589 2487 altera
1600 2408 1696 2487 cho·

392 2517 422 2591 ri
444 2542 547 2622 parte
568 2512 771 2594 Theodora
788 2516 925 2616 conjux
948 2542 1034 2593 cum
1055 2512 1255 2612 famulatu,
1270 2540 1429 2618 quorum
1445 2518 1614 2595 omniurn
1634 2516 1698 2594 hic

393 2645 524 2729 typum
544 2647 657 2727 atque
671 2618 829 2699 formam
841 2623 1044 2725 exprimere
1063 2623 1204 2722 juberet
1222 2625 1377 2721 animus,
1390 2623 1455 2703 nili
1467 2650 1533 2701 nos
1550 2626 1590 2701 in
1601 2620 1697 2702 libro

391 2728 439 2807 dc
458 2730 626 2838 operibus
648 2731 791 2809 musivis
811 2727 1040 2835 prevertiss'et
1065 2731 1295 2827 emmelina
1314 2730 1560 2836 Ciampinius.

445 2839 602 2917 Ecclefia
620 2840 802 2914 columnis
822 2834 922 2913 fulta
938 2835 1011 2934 est,
1032 2834 1187 2915 labentis
1207 2838 1292 2914 artis
1318 2859 1448 2913 notam
1467 2830 1698 2943 praeferenti·

392 2942 473 3024 bus.
519 2947 562 3022 ln
582 2945 763 3048 capitellis
789 2967 1073 3050 monogramma
1090 2944 1246 3039 visrtur,
1274 2967 1352 3045 quo
1370 2969 1560 3051 perperam
1587 2943 1700 3038 leuo,

391 3076 468 3130 non
493 3055 598 3157 pauci
622 3048 816 3128 Narsetem
843 3046 933 3126 inde
959 3042 1194 3127 fundatorem
1211 3048 1376 3128 Ecclefiae
1403 3050 1697 3157 pronuntiarunt,

390 3181 464 3235 nec
475 3157 608 3257 dubia,
626 3182 668 3235 ut
684 3156 862 3263 putabant
875 3220 883 3253 ,
896 3156 1117 3256 conjeelura.
1150 3160 1204 3233 At
1219 3167 1354 3269 Nepos,
1374 3184 1448 3235 non
1466 3186 1552 3239 vero
1570 3154 1698 3258 Narses

392 3267 547 3373 legitur,
569 3295 611 3345 ut
639 3268 697 3342 vel
718 3269 837 3371 primo
863 3258 1056 3367 conspeetu
1083 3265 1205 3367 quivis
1225 3290 1269 3341 ex
1288 3265 1412 3343 oblata
1438 3262 1553 3345 modo
1581 3261 1697 3369 figura

391 3370 586 3479 intelligat.
620 3377 722 3451 Huic
739 3371 931 3475 adjicimus
952 3367 1053 3446 aliud
1070 3394 1370 3480 monogramma,
1385 3369 1488 3477 quod
1502 3372 1637 3479 pariter
1657 3371 1694 3443 in

392 3482 564 3581 capitello
584 3481 711 3558 sauna
729 3480 887 3585 Agathe
907 3477 1058 3576 majoris
1080 3477 1320 3554 Ravenuensts
1347 3475 1528 3583 scalptum
1550 3474 1694 3572 visitur,

392 3586 563 3688 mihique
589 3583 828 3664 transmiss'um
849 3588 1010 3661 Romam
1036 3577 1111 3659 fuit
1130 3579 1151 3658 ir
1171 3586 1254 3661 viro
1279 3580 1387 3660 dodo
1414 3594 1452 3664 &
1472 3585 1594 3661 amico
1611 3580 1694 3659 Co·

396 3692 572 3767 lumbano
593 3690 695 3771 Bosro
715 3693 927 3770 Mantuano
947 3686 1120 3769 Coenobii
1142 3687 1312 3769 doctore:
1333 3687 1635 3794 conspiciturque
1657 3691 1695 3763 in

394 3795 554 3874 secundo
575 3800 745 3902 capitello
765 3795 811 3875 acl
828 3800 980 3893 laevam,
1001 3792 1022 3873 ὲ
1040 3823 1077 3872 re
1104 3795 1190 3874 ione
1209 3796 1302 3874 ostii.
1323 3796 1613 3904 Monogramma
1637 3796 1692 3869 al-

394 3927 510 3980 terum
530 3907 632 3981 alteri
652 3902 769 3981 facem
792 3900 958 4009 praefert,
976 3824 1249 4008 oninique,
1270 3903 1309 3979 ni
1327 3897 1694 4001 fallor‚notatartifi-

393 4035 487 4086 cem.
512 4014 554 4087 In
574 4040 618 4090 eo
636 4010 736 4116 quod
754 4012 921 4089 &Vitellis
936 4010 998 4107 est,
1011 4036 1051 4086 ut
1071 4036 1182 4087 nemo
1201 4037 1277 4086 non
1295 4006 1411 4094 videt,
1419 4023 1537 4119 Nepos
1555 4010 1693 4115 legatur

393 4116 534 4196 neccss'e
551 4120 601 4195 est
613 4153 621 4196 ε
634 4121 673 4195 in
689 4119 761 4195 alio
780 4114 905 4196 sanila:
915 4118 1072 4220 Agathe
1083 4118 1204 4194 littera
1218 4120 1260 4214 E,
1269 4115 1403 4195 detriti
1412 4110 1691 4195 linealinferiore

393 4224 432 4298 in
453 4226 479 4301 F
500 4210 671 4303 conversa
684 4223 919 4334 quidnegotii
936 4220 1107 4301 facess'ere
1123 4225 1257 4328 potuit.
1286 4217 1427 4302 Venlm
1445 4245 1594 4330 rogante
1614 4221 1690 4292 lau-

394 4325 484 4407 dato
506 4336 584 4409 viro
600 4330 837 4411 Columbano
854 4331 975 4425 Bono,
993 4354 1034 4405 ut
1059 4329 1150 4435 quid
1168 4327 1283 4408 ferret
1306 4355 1574 4437 expromerem,
1596 4326 1687 4400 nilril

395 4464 561 4516 morante
583 4443 699 4516 littera
714 4439 763 4538 F,
784 4442 854 4544 legi
876 4436 994 4516 subito
1019 4445 1056 4511 T.
1083 4452 1122 4514 C.
1154 4450 1193 4512 n·
1206 4451 1235 4513 Ε
1246 4452 1273 4514 P
1287 4449 1358 4523 OS,
1388 4443 1489 4512 Titus
1506 4434 1667 4513 currerim
1682 4464 1687 4472 ·

394 4560 529 4651 Nepos,
554 4543 727 4623 detritam
752 4541 891 4624 inferne
914 4548 1048 4625 lineam
1078 4542 1305 4649 suspicatus:
1332 4556 1371 4624 δι
1394 4545 1521 4649 rogavi
1547 4564 1686 4615 utrem

396 4654 627 4758 explorarent
650 4648 885 4761 diligentius:
899 4650 1154 4733 renuntiarunt
1174 4672 1296 4725 aurem
1314 4644 1362 4725 ad
1382 4673 1467 4725 eum
1486 4651 1615 4725 locunt
1637 4649 1690 4723 la.

1486 4754 1524 4834 N
