4264 5684
311 479 374 583 138
735 459 937 554 ‘niarium
958 457 1158 552 Italicum.¹

264 622 289 662 r,
310 588 388 668 sem
407 604 576 695 repertus
594 582 647 663 est
668 582 890 695 :inultil'que
910 591 1014 665 annis
1042 586 1148 664 humi
1164 583 1354 695 negleclus
1379 579 1495 691 jacuit
1516 586 1614 685 ,do.

266 733 291 769 υ
314 723 385 777 nec
403 696 524 774 Sixtus
545 696 620 777 lV.
642 718 788 774 creatus
805 698 909 808 Papa
929 696 1022 796 fuit,
1042 700 1105 805 qui
1125 694 1230 772 illum
1250 697 1287 770 in
1308 691 1434 802 platea
1453 696 1610 772 Latera-

268 842 292 878 „
315 802 418 885 nensr
444 801 722 913 cum'elegante
736 832 948 885 marmorea
976 806 1049 883 bal
1070 809 1189 883 erexit
1206 869 1216 903 ,
1233 801 1433 912 inlignibus
1452 806 1610 912 propriis

268 948 293 986 n
316 911 584 1024 &epitaphi0,
614 916 691 1014 (fic)
711 918 940 1024 nomineque
968 913 1031 991 suo
1057 910 1249 1022 inlculpta.
1278 912 1410 992 lbitue
1439 911 1488 990 ad
1517 915 1613 990 Pau-

269 1058 295 1094 »
317 1024 398 1102 lum
416 1016 529 1130 usque
557 1026 598 1101 Il
614 1026 641 1101 l.
659 1021 769 1102 stetit.
788 1028 823 1102 Is
848 1032 948 1103 enim
976 1026 1179 1132 equum-in
1210 941 1442 1129 Capitolium
1475 1019 1614 1099 advehi

270 1166 296 1202 ss
317 1128 432 1239 julsrt,
455 1139 493 1210 &
520 1131 623 1209 basm
648 1132 712 1243 ipsi
732 1132 932 1211 Michaelis
950 1129 1086 1241 Angeli
1113 1156 1225 1207 manu
1255 1130 1433 1207 adomari
1459 1132 1614 1206 curavit.

270 1275 296 1309 n
320 1266 395 1347 qua
411 1239 460 1318 de
477 1234 583 1317 causa
603 1268 679 1317 non
695 1266 918 1320 occurrente
937 1237 1075 1349 uspiam
1092 1263 1171 1317 tam
1191 1238 1325 1348 grandi
1339 1262 1530 1318 marmore
1543 1302 1554 1335 ,
1567 1262 1613 1315 ex

272 1381 297 1417 υ
319 1348 476 1452 Trajani
486 1346 570 1425 foro
581 1346 790 1456 epistylium
810 1349 1054 1457 &zophorus
1074 1347 1161 1424 huic
1178 1352 1231 1426 rei
1260 1342 1517 1424 adveelalunt.
1539 1345 1612 1423 Sed

272 1488 298 1524 υ
321 1458 454 1562 quiain
464 1453 750 1565 fundoCollegii
761 1456 1016 1537 Lateranenlis
1026 1450 1172 1533 effollus
1182 1454 1367 1551 fuerat,ad
1377 1448 1613 1561 sepertinere

273 1595 298 1632 22
321 1558 588 1644 lateranenses
605 1563 908 1665 contendebant,
925 1574 962 1642 ee
982 1563 1258 1642 hademarum
1277 1560 1420 1670 populo
1431 1566 1612 1642 Romano

272 1704 298 1740 n
320 1668 490 1779 litigant,
508 1669 726 1781 singulisque
742 1677 847 1750 annis
864 1668 1042 1783 rel'cn'pto
1058 1669 1210 1781 publico
1227 1665 1396 1776 jussuum
1417 1691 1614 1749 renovant.

273 1809 298 1848 η
320 1778 402 1856 haec
416 1778 495 1856 aliis
513 1779 748 1856 narrantibus
766 1808 856 1859 acce
884 1786 904 1857 i.

382 1890 426 1964 ln
447 1882 625 1994 opusculo
644 1887 694 1965 de
718 1810 949 1966 mirabilibus
973 1891 1109 1967 Roma
1134 1884 1285 1963 inferius
1314 1885 1490 1984 edendo,
1509 1886 1613 1992 quod

319 1993 369 2071 ab
385 1998 490 2070 annis
504 1992 622 2073 ferme
634 1999 846 2103 quingentis
855 2019 1052 2075 exaratum
1062 1993 1145 2093 fuit,
1156 1995 1205 2071 de
1222 1991 1384 2102 equestri
1401 1991 1520 2071 statua
1528 2020 1613 2101 pro„

318 2127 367 2284 pe
383 2104 415 2179 S.
427 2102 616 2209 Joannem
637 2099 927 2182 Lateranenlem
942 2103 1009 2180 fita
1024 2106 1170 2180 mentio
1185 2100 1240 2180 est
1262 2145 1272 2203 3
1291 2096 1354 2179 sed
1373 2097 1612 2179 admixtisfa.

346 2206 447 2305 ellis,
467 2207 516 2285 ibi
536 2210 632 2287 vide.

372 2316 492 2392 Haud
505 2314 639 2423 procul
649 2315 702 2396 est
713 2342 824 2426 porta
832 2316 964 2416 Urbis,
976 2320 1171 2427 S.Joannis
1180 2314 1296 2394 hodie
1307 2379 1318 2415 ,
1329 2314 1615 2395 Coelimontana

320 2419 413 2498 olim
423 2422 444 2498 :l
455 2448 586 2501 monte
596 2423 722 2502 Coelio
734 2430 771 2501 in
782 2453 858 2533 quo
869 2424 935 2502 fita
945 2447 1265 2531 erat,nuncupata.
1281 2426 1386 2502 Inter
1403 2424 1615 2502 Coelimon-

320 2530 1616 2640 tanam&Latinam,portaAsrnariaerat,adviamcuipariterAsrna-

320 2641 377 2713 ria
391 2663 542 2715 nomen.
567 2637 770 2717 Obstructa
793 2639 1055 2749 deindeporta
1073 2637 1260 2737 Afinaria,
1281 2638 1318 2717 id
1331 2666 1473 2718 nomen
1496 2664 1617 2749 porta:

323 2747 355 2820 S.
366 2746 521 2850 Joannis
538 2745 698 2822 inditum
717 2745 797 2824 fnit.
819 2751 952 2853 Sicque
971 2771 1130 2823 vocatur
1148 2747 1247 2854 apud
1268 2748 1492 2853 Anonymos
1510 2745 1617 2857 supra

321 2876 573 2953 memoratos,
598 2881 760 2961 quorum
781 2858 885 2964 prior
895 2859 981 2932 osto
993 2848 1246 2954 hincsa‘culis,
1263 2853 1361 2932 alter
1371 2878 1536 2962 quatuor
1545 2878 1611 2932 aut

275 2946 300 2983 ’'
325 2956 672 3070 quinque,scripl1t.

276 3054 301 3090 ’³
378 3069 626 3148 Framrmos
644 3075 814 3150 Vacca.
824 3073 985 3150 Memini
994 3098 1070 3147 uno
1081 3070 1230 3148 milliari
1246 3070 1391 3179 aposta
1402 3072 1619 3177 S.Joannis,

276 3162 302 3198 ’³
325 3172 425 3252 ultra
435 3176 722 3282 aquaeduelusin
732 3174 820 3255 loco
833 3177 1025 3256 Montedel
1032 3193 1146 3256 Grano
1156 3173 1410 3275 vocat0,fuille
1422 3181 1459 3252 in
1487 3198 1616 3255 entem

278 3268 302 3305 ”
326 3287 529 3363 maceriem
541 3280 696 3362 solidam
713 3289 906 3393 antiquam
925 3283 1160 3393 eximpolitis
1178 3289 1291 3393 petris
1307 3309 1421 3393 atque
1438 3204 1619 3384 filicibus,

278 3377 302 3413 ’³
327 3418 440 3497 quam
452 3389 608 3470 viriliter
628 3385 1008 3500 aggrellusquidanio
1036 3396 1174 3471 erarius
1193 3392 1352 3499 dirupit,
1371 3387 1481 3500 seque
1497 3396 1618 3470 intro.

279 3485 303 3520 '³
326 3502 479 3577 mittens
488 3502 668 3577 interiora
677 3499 857 3607 pervafit,
877 3497 988 3607 osque
999 3420 1091 3601 ditm
1108 3528 1242 3577 urnam
1269 3498 1453 3607 grandem
1477 3503 1619 3608 reperit

279 3592 303 3629 ’²
327 3632 695 3714 marmoream,quae
706 3612 744 3685 in
754 3606 969 3718 anaglypho
988 3606 1145 3686 elrhibet
1163 3604 1354 3684 historiam
1375 3604 1503 3715 raptds
1515 3606 1618 3685 Sabi-

278 3704 302 3740 ’³
326 3713 705 3821 narum3&0perculo
716 3696 895 3823 impolita:
905 3739 1014 3793 erant
1022 3714 1195 3791 humana
1207 3714 1288 3793 duae
1305 3713 1430 3823 figura
1440 3717 1619 3820 jacentes,

272 3811 296 3847 ’³
326 3820 885 3926 quammalteraAlexandrum
898 3827 1087 3921 Severum,
1099 3821 1359 3929 alteraJuliam
1372 3826 1619 3901 Mammaeam

273 3917 298 3954 ’²
323 3931 401 4034 ejus
430 3952 591 4011 matrem
613 3928 740 4009 refert.
761 3932 916 4009 Cineres
934 3930 1120 4008 reconditi
1135 3954 1247 4009 erant
1273 3935 1311 4007 in
1327 3955 1422 4006 uma
1439 3957 1521 4036 qua:
1542 3932 1620 4038 jam

274 4025 298 4061 ’³
322 4039 360 4112 in
379 4035 525 4112 Palatio
544 4036 723 4145 Capitolii
745 4035 816 4137 est,
842 4036 903 4114 ubi
925 4038 1124 4116 confidunt
1143 4032 1431 4117 conservatores.

376 4141 513 4220 lsthaec·
523 4173 718 4253 umaquae
728 4150 765 4222 in
783 4150 836 4224 im
864 4146 965 4224 luvio
977 4147 1145 4256 quodam
1155 4146 1329 4222 hodierni
1343 4144 1523 4252 Capitolii
1539 4144 1620 4221 vilr-

321 4272 403 4350 tur,
419 4248 638 4360 anaglyphis
656 4249 723 4331 suis
739 4252 820 4363 plus
836 4174 945 4332 ludos
963 4253 1138 4333 funereos
1157 4250 1269 4360 quim
1289 4277 1440 4362 raptum
1466 4250 1616 4329 Sabina-

324 4385 408 4435 rum
426 4356 577 4467 praefert
600 4404 609 4461 5
631 4362 733 4467 quod
750 4360 804 4439 est
818 4366 933 4442 etiam
950 4356 1148 4469 sepulchro
1167 4364 1284 4471 magis
1301 4357 1519 4438 consonum.

278 4494 302 4533 υ
384 4468 499 4544 Fra
523 4494 638 4564 tarra
662 4497 673 4544 1
696 4494 765 4548 us
810 4475 848 4549 V
869 4497 897 4548 a
918 4495 942 4549 c
964 4496 988 4546 c
1010 4497 1048 4545 a.
1080 4471 1241 4547 Memini
1272 4494 1379 4548 extra
1407 4491 1558 4576 portam
1588 4471 1621 4547 S.

279 4605 304 4640 a>
319 4573 473 4679 Joannis
489 4579 524 4651 in
549 4579 656 4653 vinea
673 4577 831 4653 Domini
843 4575 1038 4654 Annibalis
1054 4577 1164 4673 Cari,
1185 4576 1272 4653 cirm
1293 4583 1423 4683 ingens
1441 4572 1560 4652 moles
1570 4575 1619 4652 ab

280 4714 304 4748 η
327 4684 487 4791 antiquis
511 4681 645 4761 stmela
662 4682 741 4762 istic
770 4681 858 4763 ellet
885 4693 922 4762 &
946 4687 1060 4765 vinea:
1081 4714 1220 4764 otrxam
1235 4683 1422 4783 adferret,
1447 4682 1616 4761 Anniba-
