4180 5684
344 460 433 561 460
803 432 994 524 niarium
1015 427 1216 522 Italimm.

400 562 498 646 lbid.
516 563 617 647 Der'n
632 564 747 667 postea
768 560 896 665 custode
918 553 1122 669 Tryphonio.
1153 560 1280 666 Lege,
1296 554 1441 660 custodes
1458 566 1496 638 T
1529 554 1660 660 pbom'r.

348 679 512 758 Certum
528 672 582 754 est
600 676 811 754 Hieracem
829 667 1003 748 custodes
1024 666 1224 748 Ptolemaei
1251 669 1353 746 tertii
1373 661 1490 779 effugi
1519 694 1572 771 e,
1597 664 1664 778 qui

348 786 577 868 Ptolemaeus
597 782 713 893 vulgo
737 781 856 859 dietus
874 783 1107 889 Evetgetes,
1136 778 1369 888 cognomine
1393 777 1616 889 Tryphonis
1638 805 1661 857 a

345 902 430 979 Tro
460 928 484 975 o
509 893 730 996 inhnnitur,
750 918 831 968 non
856 889 978 968 modo
1005 888 1083 966 hoc
1109 887 1232 987 libro,
1250 875 1316 965 sed
1334 886 1400 968 lib.
1426 916 1485 989 30.
1505 913 1549 968 ut
1568 917 1660 967 mox

348 927 560 1089 videbimus
573 984 673 1108 ,imb
691 996 1087 1111 &thhronographo
1101 995 1375 1078 Alexandrino.
1397 998 1564 1080 Codices
1579 1003 1661 1083 Ro-

346 1124 450 1198 mani
471 1116 571 1194 hunc
591 1114 795 1196 lechonem
815 1177 826 1213 ,
851 1113 994 1215 custodes
1014 1107 1206 1219 Tryphonis
1225 1105 1429 1210 exhibent,
1446 1137 1565 1219 quam
1590 1137 1661 1189 nos

345 1230 593 1309 admittimus.

401 1340 498 1419 Ibid.
516 1348 699 1438 Epacon'os
718 1333 885 1412 occident.
913 1334 1040 1442 Lege,
1057 1340 1272 1435 Apaturius.
1299 1332 1359 1411 Sic
1379 1332 1482 1409 enim
1503 1332 1568 1439 qui
1597 1331 1660 1410 Se-

345 1455 498 1533 leucum
514 1451 735 1528 Cetaunnm
749 1443 892 1524 occidit
903 1441 1118 1553 appellatur
1132 1468 1153 1519 a
1166 1438 1329 1550 Polybio
1346 1438 1445 1519 libro
1462 1469 1499 1542 4.
1512 1438 1561 1518 ab
1580 1440 1660 1550 Ap.

347 1569 462 1672 piano
483 1564 522 1638 in
544 1560 733 1668 SyriaciS,
762 1564 800 1638 &
826 1553 874 1635 ab
904 1557 1151 1663 Hieronymo
1180 1556 1221 1631 in
1245 1550 1465 1632 Danielem.
1494 1548 1660 1631 Codices

346 1674 519 1755 Romani
541 1667 619 1750 mll.
636 1667 811 1770 habent,
837 1678 1047 1774 Epaton‘ns3
1070 1661 1288 1744 Colbertini
1307 1665 1413 1774 pejus
1437 1674 1662 1768 Epicarr'um,

347 1809 414 1865 aut
434 1797 649 1885 Epacoriam.
1627 1863 1631 1871 ι

401 1892 520 1975 Libro
543 1899 597 1972 28.
624 1904 689 1973 'Ur
708 1922 752 1968 ex
771 1888 992 1972 Macedonia
1013 1897 1216 1971 Demetrius
1225 1884 1277 1996 fit
1293 1913 1319 1961 a
1338 1882 1578 1984 Dardanr'efh
1595 1910 1661 1977 m,

348 2034 414 2113 quo
434 2017 559 2082 morini
578 2028 612 2080 te
634 2000 799 2103 Kopai
816 2004 890 2100 ejus
906 1995 1071 2102 Philippi
1081 1994 1229 2108 suscepit
1252 2003 1348 2076 Aorr'
1372 2004 1452 2073 onas
1472 2006 1510 2075 T
1510 1991 1551 2070 be
1577 1993 1662 2071 alia

346 2146 384 2194 m
411 2116 541 2224 Afiam
568 2125 729 2194 Cariam.
757 2107 953 2209 Enienda,
970 2120 1013 2191 U
1018 2132 1033 2185 t
1049 2120 1165 2186 exiens
1182 2138 1200 2184 e
1215 2119 1270 2190 M
1272 2024 1438 2183 medonta
1458 2114 1662 2187 Demetrias

336 2228 389 2335 stt
405 2258 430 2303 a
449 2224 637 2308 Dardanis
649 2218 758 2330 fastor.
795 2236 871 2329 Qo
890 2242 1019 2297 monuo
1039 2218 1187 2296 tutelam
1194 2216 1273 2320 fila
1290 2221 1363 2316 ejus
1379 2211 1545 2320 Philippi
1549 2211 1663 2400 [esre

343 2351 401 2442 prr
427 2346 661 2445 Antigonae,
688 2343 751 2439 qui
771 2326 1011 2434 Thessaliam,
1033 2329 1231 2438 Maſsam,
1259 2324 1492 2407 Dardaniam
1510 2323 1546 2423 fir
1564 2330 1661 2424 jecit.

348 2449 565 2557 Antigonus
584 2446 706 2543 enim,
725 2443 957 2551 cognomine
983 2435 1142 2537 Doson,
1159 2460 1267 2516 tutor
1289 2434 1456 2544 Philippi
1472 2501 1483 2536 ,
1502 2425 1664 2514 Thelia.

348 2557 426 2657 los,
444 2555 708 2637 Dardanos&
728 2549 885 2631 Moesias
902 2544 963 2628 seu
983 2546 1178 2628 Triballos
1197 2544 1362 2652 subjecit.
1387 2541 1666 2653 ConsuleJusti.

349 2697 440 2748 num
462 2667 525 2746 lib.
548 2672 601 2744 28.
633 2661 800 2742 Codices
816 2654 895 2739 mil
912 2686 959 2739 eo
979 2657 1055 2737 loci
1071 2651 1468 2766 suntdepravatiffimi.
1499 2655 1663 2733 Incodi-

349 2809 394 2862 ce
420 2803 551 2858 tamen
578 2777 816 2856 Maximiano
837 2770 1018 2881 leguntur
1038 2768 1119 2847 haec
1136 2766 1254 2847 verba
1281 2803 1292 2845 ι
1315 2796 1381 2873 quo
1413 2789 1542 2842 mortuo
1559 2763 1664 2868 filias

349 2898 423 2991 ejus
442 2888 636 2990 Philippus
654 2952 665 2985 ,
686 2897 697 2986 (
716 2883 824 2994 lege,
852 2880 1018 2985 Philippo·
1034 2887 1053 2980 )
1071 2876 1217 2990 ,postepir
1239 2888 1454 2987 Antigonus.
1487 2880 1586 2985 Qec
1613 2873 1666 2955 le-

346 3006 515 3082 ctionem
535 2996 642 3076 nobis
660 2994 843 3075 exhibent
858 3019 955 3072 verae
970 2995 1196 3101 proximam.

405 3110 503 3191 ibid.
520 3105 724 3214 Annffioque
739 3135 832 3216 regno
853 3104 1048 3185 Cleomenes
1068 3111 1259 3206 Spartanos
1276 3096 1486 3209 eonſsefugit.
1525 3100 1664 3177 Emen-

345 3223 423 3324 da,
442 3220 636 3304 Cleomenes
654 3227 853 3322 Spartanae
869 3245 941 3291 cam
953 3211 1192 3321 ronjrrgrsagit
1205 3208 1482 3290 Alexandnam.
1499 3206 1666 3317 Jnstinus

351 3335 549 3430 enimait,
581 3328 836 3409 Cleomenem
848 3353 944 3402 cum
963 3325 1126 3431 conjuge
1147 3325 1186 3398 in
1207 3323 1426 3429 AEgyptum
1451 3316 1666 3429 profestum

353 3442 434 3526 effe.
460 3442 599 3522 Codex
616 3441 872 3519 Maximianus
889 3432 1027 3532 habet,
1044 3443 1260 3535 Spartanos,
1279 3458 1358 3508 non
1376 3496 1385 3529 ‚
1403 3439 1603 3531 Spartanos.
1627 3524 1631 3530 Ι
1656 3486 1662 3495 .

411 3552 527 3635 Libro
550 3584 607 3654 29.
627 3549 758 3630 Intulit
774 3545 892 3627 AEtol'
925 3543 1055 3621 belom.
1082 3541 1275 3641 Emenda,
1295 3538 1578 3648 Athenienfibue.
1600 3542 1669 3619 'Se-

357 3696 421 3744 cus
440 3668 541 3744 enim
560 3656 720 3739 absurda
738 3650 885 3768 prorsus
902 3650 991 3735 esset
1008 3652 1129 3733 lectio.
1167 3656 1291 3731 finito
1312 3649 1416 3730 bello
1437 3679 1525 3728 cum
1550 3652 1668 3727 AEto.

360 3775 422 3876 lis,
443 3804 521 3852 non
542 3770 684 3852 AEtohs
707 3767 853 3848 bellum
879 3763 1029 3866 intulit,
1049 3759 1112 3843 sed
1131 3762 1229 3864 aliis,
1252 3786 1344 3875 puta
1362 3758 1667 3839 Atheniensibus.

359 3885 461 3967 Vide
484 3888 632 3964 Livium
654 3885 718 3990 qui
738 3878 841 3959 bella
856 3875 924 3954 ista
943 3872 1024 3953 fus‘e
1042 3869 1215 3955 edifferit.

416 3994 596 4093 Adverfies
614 3992 806 4075 Dardanos
826 3985 871 4081 ἔγ
889 3986 1038 4072 AErolos.
1068 3989 1172 4094 Lege
1190 4009 1233 4061 ut
1252 3984 1397 4063 habent
1415 3984 1493 4061 duo
1517 3979 1670 4060 codices

362 4099 580 4187 Colbertini
609 4170 621 4202 ,
657 4098 819 4209 adverfirs
857 4110 1031 4177 Romanor
1064 4095 1109 4188 do
1141 4095 1291 4176 AEtolos.
1333 4097 1501 4175 Romani
1538 4096 1673 4192 enim,

360 4248 441 4297 non
471 4214 678 4314 Dardani,
705 4233 841 4291 contra
867 4206 1086 4318 Philippum
1113 4209 1266 4315 Regem
1299 4205 1564 4284 Macedonum
1591 4199 1670 4281 fue-

360 4354 460 4410 runt.

417 4440 535 4520 Libro
554 4466 612 4537 30.
632 4431 861 4541 Utrosphone.
896 4428 1071 4512 Emenda
1087 4494 1098 4527 ,
1114 4424 1292 4538 Tryphone
1317 4440 1327 4525 y
1346 4426 1435 4501 alias
1462 4429 1673 4536 Evergete)

365 4554 478 4630 Pater
507 4551 584 4653 ejus
610 4544 834 4654 Philopater
857 4540 1098 4621 Antiochum
1123 4565 1251 4647 regem
1280 4540 1379 4613 vicit.
1407 4535 1573 4615 Codices
1595 4533 1674 4614 mis.

366 4666 535 4742 Romani
551 4655 721 4757 habent,
741 4652 952 4733 Ptolemaeo
972 4647 1208 4757 Tryphone,
1226 4672 1267 4724 ut
1283 4645 1659 4725 nosemendavimns.

421 4770 518 4853 lbid.
540 4781 582 4854 V
579 4781 642 4847 ecit
659 4778 792 4872 Rapite
802 4790 963 4870 poemare
982 4759 1178 4843 Gaehoelra
1199 4782 1383 4861 corruptior.
1410 4757 1560 4835 Locum
1576 4753 1680 4835 hunc
