4352 5690
927 446 1053 566 Capru
1081 426 1320 564 oigefimum
1341 429 1518 531 tertium.
1802 425 1900 567 345'

558 583 599 647 tn
610 587 766 649 ratonem
787 563 834 661 ὅ·
853 563 1184 648 Sanilimonialium
1200 573 1237 647 S.
1263 571 1404 669 Jaeinti
1422 562 1469 657 <so
1484 573 1521 648 S.
1549 561 1671 646 Clara
1693 572 1876 675 canneta

557 690 595 758 in
606 689 726 784 patrio
732 674 807 789 solo
821 672 1014 787 ditatisque
1023 686 1080 757 M
1081 677 1255 777 onetsteriis
1265 676 1353 753 obiit
1361 691 1508 777 Genua,
1528 674 1719 757 Clementis
1729 692 1777 761 V.
1789 692 1870 763 Pa.

549 809 609 890 pa
626 801 661 870 L
703 810 785 865 atus
811 794 864 868 A.
889 785 1004 869 Salat.
1025 794 1318 869 MCCCXIII.
1343 796 1419 868 Sen.
1439 784 1587 891 Respub.
1619 798 1728 870 Civis
1746 804 1873 896 optimi

552 920 670 1003 corpus
697 894 864 1000 nonorislci
882 917 1060 1000 exceptum
1076 890 1138 973 hoe
1155 893 1287 973 tunmlo
1303 895 1475 977 condiditi
1496 926 1601 1006 quem
1610 897 1815 982 Ludouieut
1827 901 1873 981 de

555 1019 602 1089 V
595 1005 720 1086 eechiis
739 1036 842 1116 eques
867 1017 902 1090 S.
923 1003 1093 1111 Stephani
1114 1004 1295 1107 aditura,
1320 1031 1488 1087 annuente
1511 1007 1624 1089 Alex.
1644 1022 1743 1092 VII.
1764 1019 1800 1093 S.
1820 1021 1869 1094 Ρ.

550 1115 666 1196 altius
682 1119 838 1196 coioeari
853 1127 994 1196 curavit
1007 1122 1061 1197 A.
1089 1125 1147 1197 M
1154 1122 1198 1201 D
1210 1126 1245 1196 C
1253 1127 1289 1197 L
1298 1128 1441 1199 XIV.
1479 1117 1738 1200 Emendatum
1752 1122 1872 1234 igitur

552 1250 714 1338 oportet
731 1227 961 1309 Ciaconium
972 1292 983 1327 ,
995 1228 1061 1337 qui
1075 1224 1303 1307 Petronium
1315 1224 1566 1309 cardinalem
1577 1230 1771 1312 Avenioni
1785 1228 1871 1315 fato

551 1335 724 1418 funiium
744 1361 885 1419 narrat.

599 1445 752 1529 Ibidem
772 1446 893 1531 exstat
912 1446 987 1527 alia
1001 1441 1196 1559 inscriptio
1214 1447 1364 1560 prolixa
1376 1474 1460 1557 qua
1478 1472 1655 1531 narratur
1674 1452 1785 1532 Pium
1809 1456 1867 1536 II.

548 1554 1067 1672 Ecclesraeisti,praesentibus
1076 1563 1164 1640 ouo
1176 1556 1459 1653 cardinalibus,
1470 1559 1675 1639 Brachium
1687 1563 1867 1673 S.Johan.

547 1671 606 1748 nis
623 1664 799 1781 Baptistae
819 1698 842 1750 a
861 1669 1021 1753 Thoma
1034 1668 1250 1783 Paleologo
1271 1668 1500 1780 Peloponesr
1517 1673 1629 1782 Rege
1641 1698 1867 1783 acceptum,

549 1779 658 1860 dono
678 1778 820 1863 dedisse
845 1809 947 1861 anno
978 1804 1326 1863 mccccrxrv.
1351 1779 1476 1892 pridie
1503 1807 1626 1861 nonas
1651 1784 1758 1864 Maii.
1797 1786 1869 1866 Eo.

547 1889 641 1972 dem
659 1891 780 1974 latere
799 1892 927 1973 vifitur
946 1889 1209 1995 Bibliotheca,
1227 1890 1322 1995 olim
1339 1889 1583 1973 munitissima
1598 1890 1868 1975 codicibuszat

542 2001 622 2108 jam
650 2007 675 2083 ii
697 1998 764 2082 soii
781 1997 974 2113 supersunt
994 2005 1060 2112 qui
1087 2001 1138 2080 nd
1162 2026 1320 2082 cantum
1340 2004 1557 2113 pertinent,
1576 2029 1599 2081 a
1615 2001 1866 2085 Benedienno

544 2112 719 2221 quodam
740 2115 1063 2225 Congregationis
1092 2111 1303 2193 Casrnenfis
1319 2115 1476 2196 exarati.
1507 2115 1553 2192 ln
1573 2111 1779 2224 parietibus
1798 2114 1867 2194 de.

542 2226 644 2334 pieta
660 2218 853 2336 suspicitur
870 2227 949 2302 vita
968 2224 1025 2302 Pii
1044 2225 1156 2333 Papae
1176 2227 1224 2304 ΙΙ.
1242 2250 1267 2303 a
1285 2221 1544 2304 celeberrimis
1538 2221 1765 2409 ¹'picioribus
1781 2227 1867 2303 Pin.

542 2339 727 2437 turiccio,
750 2337 867 2415 Petro
902 2331 1084 2415 Perufino
1101 2342 1140 2413 ὃ(
1156 2361 1300 2446 magno
1318 2330 1521 2443 Raphaele
1576 2330 1736 2415 rbinate.
1767 2333 1865 2415 Vul.

541 2468 602 2524 tus
620 2444 670 2525 ad
692 2451 862 2525 nativam
877 2443 902 2523 s
918 2448 1041 2527 eciem
1058 2442 1240 2527 desinenti
1253 2443 1371 2526 fuere.
1403 2446 1449 2525 In
1468 2440 1548 2522 udo
1567 2441 1725 2554 depiuae
1744 2441 1863 2523 histo.

539 2559 604 2635 rite
624 2556 777 2669 fingulae
794 2473 1051 2656 exhillentur,
1072 2555 1194 2669 pofita
1210 2555 1261 2635 ad
1278 2559 1400 2636 imum
1417 2549 1663 2664 inscriptione
1683 2550 1863 2663 cujusque

540 2664 682 2747 tabula
704 2666 901 2748 historiam
930 2664 1175 2777 explicante:
1194 2670 1478 2857 necinpratum
1506 2665 1658 2745 Lectori
1685 2662 1771 2746 fore
1789 2692 1860 2774 pu-

540 2800 605 2878 to,
623 2777 894 2891 fitingulashic
905 2774 1138 2878 exscribam,
1155 2780 1245 2887 quia
1254 2803 1324 2889 per

1352 2801 1460 2859 rever
1469 2773 1573 2879 licet,
1583 2799 1709 2856 totam
1720 2780 1860 2861 AEneec

540 2884 758 2993 Silvii,·s1ve
777 2892 834 2969 Pii
856 2891 904 2971 II.
925 2891 1046 2968 vitam
1069 2886 1252 2971 referunt.

1070 3061 1136 3143 Ad
1156 3065 1333 3174 primam.

591 3246 733 3318 AEneas
747 3238 886 3321 Silvius
904 3237 1175 3322 Piccolomineus
1192 3240 1298 3316 natus
1314 3238 1361 3340 est
1373 3256 1479 3339 patre
1496 3235 1634 3330 Siluio,
1650 3258 1764 3315 matre
1785 3247 1855 3319 Vi-

534 3348 649 3425 floria
666 3361 843 3431 XVIII.
864 3350 1022 3434 ottobru
1040 3357 1116 3431 An.
1138 3354 1385 3432 MCCCCV.
1404 3346 1560 3457 Corſsani
1581 3357 1618 3424 in
1631 3343 1757 3443 fhndis
1773 3375 1854 3458 gen-

535 3456 660 3536 tilitiis
678 3495 690 3537 .·
708 3460 894 3569 Bastleam
911 3461 965 3540 ad
982 3458 1179 3543 Caecilium
1202 3455 1401 3538 contendens
1415 3519 1429 3555 ,
1443 3468 1488 3536 vi
1506 3459 1716 3560 tempestatis
1736 3469 1774 3535 in
1789 3468 1856 3538 Lt-

534 3564 639 3677 byam
647 3573 857 3676 pmpeffitur.

682 3689 687 3703 '
1051 3679 1116 3760 Ad
1130 3676 1347 3762 secundam.

567 3862 726 3933 ·AEneat
741 3851 882 3933 Silvius
899 3882 927 3930 a
951 3853 1145 3965 Bafilienfi
1164 3851 1319 3934 Concilio
1343 3863 1380 3932 in
1401 3850 1596 3930 ulteriorem
1618 3857 1853 3931 Britanniam

532 3972 680 4057 Orator,
693 3991 741 4040 ae
758 3970 915 4045 Serrium
934 3964 988 4043 ad
1001 3974 1135 4076 Regem
1153 3962 1349 4044 'Calexium
1368 3959 1512 4068 miffar,
1534 3986 1561 4036 a
1587 3963 1787 4064 tempestate
1814 3970 1853 4038 in

531 4082 763 4185 Norvugiam
774 4072 892 4186 pulsem
911 4078 981 4178 est,
1006 4070 1131 4180 &per
1143 4082 1377 4156 Britanniam
1391 4082 1521 4182 Regios
1528 4064 1759 4181 speculatores
1778 4067 1851 4147 elu-

528 4182 610 4265 dent
624 4182 810 4294 Baſsleam
828 4198 1019 4267 reuertitur.
1379 4215 1383 4221 ⁴

1068 4352 1133 4435 Ad
1151 4360 1318 4437 tertiam.

582 4542 637 4613 H
637 4540 670 4608 ic
696 4540 837 4612 AEneas
852 4560 878 4612 a
895 4531 1012 4616 Felice
1030 4543 1077 4614 V.
1103 4539 1297 4634 Antipapa
1315 4541 1473 4637 legatus
1486 4521 1539 4602 ad
1550 4521 1752 4605 Fudericum
1761 4532 1847 4602 III.

529 4640 691 4755 Cestium
717 4638 860 4749 miffar,
889 4643 1014 4720 laurea
1029 4668 1149 4719 torona
1174 4640 1348 4734 donatur,
1375 4634 1421 4731 (φ
1441 4648 1534 4716 inter
1545 4644 1675 4711 amieos
1693 4634 1790 4732 ejus,
1803 4655 1849 4709 ac

518 4749 722 4860 ficretartos
740 4773 990 4832 annumeratur
1012 4748 1059 4844 ὠ
1070 4748 1265 4855 preficitur.
1615 4850 1654 4926 X

1665 4872 1691 4923 x
