4180 5684
390 437 470 542 438
833 510 841 514 ,
873 403 1064 501 niarium
1090 402 1292 506 Italicum,

391 549 462 631 biae
492 575 621 630 rerum
651 539 885 624 conditionis
910 530 1019 617 causi
1047 534 1253 615 numeroso
1277 540 1456 652 'presidio
1487 551 1718 646 instrueiam,

390 666 492 743 Mox
513 660 563 738 ad
583 653 928 768 Amphitheatrum
949 675 1223 759 properamuS,
1248 677 1269 732 e
1296 656 1402 762 cujus
1418 664 1546 769 primo
1567 670 1718 754 ambitu

388 772 605 886 paucissima
629 758 846 879 supersunt,
871 787 1116 872 arguuntque
1136 761 1390 845 arclritedium
1414 798 1495 852 non
1521 774 1718 891 singularis

386 889 533 997 peritice
554 878 657 962 suiile
679 915 687 957 :
707 872 849 989 gradus
873 876 1075 952 interiores
1103 875 1142 951 in
1163 870 1300 981 quibus
1326 871 1483 963 sedebat
1502 886 1716 977 adventitia

386 996 520 1109 populi
546 991 766 1104 frequentia
787 985 892 1066 haud
911 988 968 1063 ita
989 984 1142 1095 pridem
1170 982 1371 1068 restaurati
1393 986 1489 1076 sunt.
1533 1002 1632 1084 lnde
1653 1032 1714 1085 ar-

384 1137 472 1187 cum
494 1110 552 1188 Ti.
575 1105 693 1185 Flavii
713 1099 864 1181 visimus
884 1095 1022 1177 ordine
1045 1096 1254 1177 Corinthio
1270 1125 1296 1177 -a
1312 1104 1440 1210 perita
1460 1136 1579 1193 manu
1598 1113 1714 1198 strue.

381 1244 487 1322 tum,
507 1215 702 1329 inscriptio
720 1214 770 1295 fic
789 1209 927 1291 habet:

471 1448 541 1527 TI.
569 1440 809 1525 FLAVIVS.
839 1437 880 1516 P.
917 1435 956 1514 F.
989 1432 1243 1516 NORICVS
1261 1433 1340 1514 llll
1361 1438 1471 1521 VIR.
1505 1444 1535 1525 I.
1561 1449 1616 1530 D.

432 1666 478 1748 ld
498 1664 575 1765 est,
594 1674 656 1746 Ti.
694 1663 852 1747 Flavius
873 1670 1031 1741 Noricus
1048 1671 1278 1764 quintumvir
1287 1665 1366 1760 juri
1389 1660 1544 1747 dicundo.
1582 1672 1707 1755 Duci.

375 1808 463 1857 mur
478 1778 610 1889 postea
622 1779 662 1853 in
678 1774 777 1853 cedes
790 1766 1001 1880 hortosque
1023 1769 1293 1881 ComitisJusti
1313 1764 1622 1885 inscriptionibus
1640 1784 1707 1868 be-

374 1918 424 1970 ne
445 1890 574 1969 multis
592 1912 770 1985 ornatos,
791 1878 854 1963 sed
874 1912 957 1992 quae
971 1883 1050 1988 jam
1076 1880 1218 1991 publici
1233 1884 1323 1989 juris
1343 1878 1439 1966 sunt.
1470 1888 1533 1970 Est
1559 1893 1706 1979 ibidem

373 1997 566 2111 inscriptio
589 2001 634 2078 C.
654 1997 766 2077 Plinii
786 1991 972 2105 plerisque
993 1996 1033 2073 in
1051 1990 1144 2072 locis
1168 1991 1272 2076 erasi
1293 2023 1338 2074 ac
1357 1994 1705 2120 labesadatazquae

373 2111 567 2225 supersunt
584 2116 639 2189 ita
656 2110 847 2224 leguntur.

563 2338 608 2417 C.
639 2336 854 2415 PLINII
889 2396 897 2413 .
931 2398 939 2412 .
977 2395 985 2411 .
1030 2393 1038 2407 .
1079 2332 1508 2421 VERONENSIS

563 2508 671 2528 ......
683 2441 1163 2525 HISTORIARUM
1209 2445 1501 2533 OMNIVM

558 2557 938 2641 MEMORIAM
993 2555 1238 2635 DEDIT.
1284 2623 1293 2638 .
1340 2625 1348 2638 .
1394 2624 1401 2638 .
1459 2626 1468 2643 .

560 2670 844 2752 NECNON
1282 2737 1288 2748 .
1367 2736 1374 2750 .

564 2778 1204 2865 XXXV....CONS...

421 3008 495 3090 Sed
516 3036 561 3089 ea
576 3008 705 3089 multis
725 3003 820 3085 milri
839 3002 1057 3083 nominibus
1075 2995 1238 3111 suspecla
1255 3004 1327 3108 est,
1345 3033 1694 3124 commentumque

364 3120 470 3201 olet:
490 3150 577 3200 num
601 3122 736 3200 littere
757 3146 840 3228 quce
861 3109 996 3196 desunt
1018 3141 1098 3191 non
1118 3136 1296 3224 tempore
1319 3118 1490 3222 detritae,
1514 3119 1577 3203 sed
1598 3120 1692 3205 scal-

363 3261 434 3343 pro
456 3231 612 3312 excusse
633 3233 836 3332 videntur3
866 3227 916 3305 ad
938 3225 1020 3304 liaec
1040 3223 1166 3303 forma
1188 3225 1403 3310 litterarum
1434 3258 1550 3343 auget
1579 3231 1690 3349 suspi.

363 3350 515 3424 cionem
535 3393 543 3449 5
563 3344 682 3423 inlimi
701 3368 868 3448 namque
885 3345 954 3417 aevi
971 3331 1042 3415 esse
1064 3336 1379 3445 deprehenditur.
1399 3344 1605 3425 Permultae
1621 3378 1692 3459 per

363 3455 515 3536 Italiam
531 3453 770 3568 supposititiae
787 3447 1049 3562 inscriptiones
1067 3446 1238 3551 exstant,
1256 3457 1295 3531 in
1318 3454 1454 3563 quibus
1475 3455 1691 3569 deligendis

363 3568 514 3648 cautela
533 3598 627 3679 opus
647 3567 700 3647 sit.
1313 3581 1322 3591 “

391 3690 393 3695 ’
418 3684 524 3761 ΧΙΙ.
547 3685 643 3761 Maii
664 3681 807 3757 comite
829 3679 882 3756 D.
902 3679 1080 3756 Remena
1099 3672 1258 3753 dodore
1278 3678 1317 3754 in
1336 3674 1516 3757 museum
1537 3685 1688 3762 comitis

363 3787 558 3871 Moscnrdi
589 3822 657 3871 nos
678 3787 933 3886 conserimus,
959 3784 1087 3864 multis
1110 3808 1285 3864 veterum
1313 3796 1575 3870 monumentis
1600 3794 1686 3873 insi-

362 3932 449 4013 gne.
480 3908 522 3982 ln
542 3908 582 3982 iis
601 3930 675 3984 tres
687 3931 799 3983 aeneae
810 3898 962 3980 tabellae
973 3894 1180 4007 inscriptae,
1198 3924 1336 4005 quartu
1347 3906 1688 3984 marmoreaGrae-

362 4043 447 4092 cam
473 4012 756 4125 inscriptionem
783 4011 958 4123 praefert,
979 4040 1058 4089 non
1076 4007 1224 4125 vulgari
1244 4009 1508 4094 clraraeierum
1538 4010 1686 4117 sormi,

362 4156 478 4238 quam
499 4125 564 4207 hic
581 4125 819 4240 proferimus,
