4264 5684
1102 415 1448 542 Caputossavum.
1900 449 1963 509 nt

659 535 1005 620 Meniiniaudivisse
1020 564 1103 641 me,
1123 541 1371 650 Magnificum
1388 544 1441 621 D.
1454 538 1657 621 Metellum
1671 544 1764 619 Vari
1775 544 1862 619 cum
1875 540 1963 623 esset
1985 549 2009 585 ‘⁸

659 651 803 728 viarum
829 674 1002 746 curator,
1022 645 1207 728 advexisse
1228 649 1378 729 leonem
1409 651 1515 729 iilum
1542 654 1772 756 antiquum,
1802 655 1865 757 qui
1883 653 1959 755 jain
1985 658 2009 693 ‘³'

655 759 694 833 in
712 755 828 835 horto
848 757 937 835 alias
946 782 1162 835 memorato
1174 762 1243 838 Ma
1273 760 1440 835 niDucis
1450 757 1501 838 est
1512 762 1550 837 in
1565 781 1699 838 monte
1719 760 1850 835 Pincio
1862 769 1912 858 ,dc
1922 764 1958 836 in
1984 766 2009 800 ‘⁸

653 869 805 974 porticu
815 865 995 943 considet.
1011 864 1215 975 Stabatque
1226 787 1317 944 oiim
1329 870 1368 944 in
1378 866 1671 947 viaPraenestina
1686 892 1797 945 extra
1808 892 1959 975 portani
1983 875 2008 909 ‘¹

654 976 688 1051 S.
706 975 1064 1083 Laurentii,quiseo
1076 975 1242 1084 primum
1252 982 1290 1055 in
1300 1002 1415 1084 opere
1425 976 1550 1054 media
1569 971 1688 1054 sosiun
1702 1000 1810 1083 parte
1821 980 1959 1085 promi.
1982 984 2006 1019 ‘⁸'

653 1077 860 1162 nebatzsed
875 1087 1039 1192 joannes
1051 1080 1221 1163 scetanus
1233 1084 1409 1194 Sculptot
1435 1079 1650 1183 fesulanus,
1668 1084 1779 1161 aliam
1789 1111 1954 1161 marmo-
1981 1094 2005 1126 ‘⁸

654 1194 704 1267 tis
713 1215 861 1299 partem
872 1182 1079 1301 insculpens
1089 1259 1100 1293 ,
1111 1189 1269 1271 solidum
1279 1202 1318 1271 &
1333 1198 1521 1302 integrum
1535 1192 1684 1271 leonem
1696 1189 1832 1271 effecit.
1844 1196 1955 1272 Exin.
1980 1202 2004 1235 ‘⁸

653 1297 778 1406 deque
793 1299 948 1405 jubente
968 1304 1115 1409 Magno
1133 1303 1245 1381 Duce
1265 1301 1420 1380 similem
1439 1329 1511 1412 ego
1521 1306 1785 1409 integrumque
1804 1297 1954 1409 sculpsi,
1979 1308 2002 1344 “

651 1405 826 1518 stantque
847 1408 961 1487 ambo
983 1413 1022 1487 in
1050 1412 1126 1512 ejus
1140 1409 1254 1489 horto
1274 1414 1306 1490 S.
1325 1415 1521 1489 Trinitatis
1537 1414 1575 1486 in
1595 1434 1727 1487 monte
1745 1412 1885 1487 Pincio
1978 1418 2002 1453 ‘⁸

714 1520 759 1594 In
797 1516 921 1596 reditu
959 1545 1028 1627 per
1058 1517 1300 1599 Tiburtinam
1322 1518 1394 1598 five
1425 1516 1535 1597 siricii
1561 1521 1753 1597 Laurentii
1779 1544 1950 1626 portam,

650 1626 727 1700 itur
757 1631 797 1701 in
829 1624 957 1704 villani
996 1625 1215 1707 Costellam.
1242 1626 1298 1707 Ibi
1334 1622 1494 1736 superest
1527 1625 1719 1733 hodieque
1753 1625 1952 1706 aedificium

653 1733 904 1842 decagonum.
930 1732 993 1812 Ab
1011 1732 1086 1812 aiio
1104 1740 1142 1813 in
1168 1736 1283 1838 alium
1311 1740 1499 1814 internum
1525 1733 1671 1811 :edificii
1693 1733 1873 1841 angulum
1893 1762 1951 1815 re-

649 1841 708 1918 dd
726 1841 824 1920 linei·
843 1846 973 1951 viginti
999 1843 1076 1920 duo
1109 1844 1224 1953 pedes
1249 1848 1340 1953 regii
1369 1873 1454 1920 cum
1493 1841 1651 1921 dimidio
1678 1867 1948 1945 numerantur,

651 1973 692 2024 ut
710 1973 811 2027 totus
828 1956 1126 2059 gyrusinteriqr,
1156 1952 1261 2029 missis
1287 1950 1491 2059 apsidulis,
1520 1950 1562 2027 sit
1589 1979 1658 2050 225.
1688 1949 1840 2059 pedum.
1868 1953 1949 2031 De-

647 2082 733 2136 cem
752 2061 879 2165 itaque
897 2057 1074 2137 lateribus
1090 2058 1285 2138 constabat
1303 2083 1446 2158 totum,
1466 2062 1504 2136 in
1521 2086 1683 2167 quorum
1700 2085 1775 2135 unu
1787 2057 1944 2161 ostium,

647 2169 687 2243 in
714 2160 854 2247 novem
878 2167 957 2247 aliis
982 2166 1145 2246 totidem
1173 2166 1346 2278 apsidulae
1370 2193 1509 2266 erant,
1535 2194 1692 2274 quorum
1721 2193 1805 2276 pars
1826 2172 1945 2244 maxi-

647 2301 710 2351 ma
727 2271 888 2383 superest
906 2321 916 2377 3
937 2275 1187 2385 recipiendis,
1220 2275 1360 2355 testimo
1380 2342 1391 2375 ,
1414 2275 1576 2354 totidem
1615 2279 1811 2352 numinum
1835 2274 1945 2351 simu.

649 2383 768 2461 lacris.
787 2388 881 2463 Sunt
897 2389 960 2492 qui
977 2384 1165 2462 basilicam
1184 2386 1266 2464 Caii
1292 2386 1454 2464 &Lucii
1485 2376 1671 2461 Caesaruni
1700 2380 1802 2460 fuisse
1820 2380 1945 2461 existi-

646 2514 775 2589 ment,
809 2491 909 2570 dudi
926 2498 1078 2571 nomine
1096 2491 1287 2595 Galsurqo,
1309 2488 1382 2569 istis
1398 2490 1490 2568 locis
1507 2490 1679 2569 indito&
1697 2490 1746 2566 ad
1778 2488 1943 2568 nostram

645 2595 758 2707 usque
775 2624 926 2679 aetatem
945 2596 1227 2708 perseverante,
1246 2599 1349 2706 quast
1367 2598 1531 2697 diceres,
1551 2609 1637 2677 Caio
1656 2598 1700 2687 ὅ)
1722 2609 1829 2676 Lucio
1852 2605 1942 2705 :qui

644 2712 834 2817 paritetin
854 2705 990 2787 cadem
1009 2712 1144 2785 vicinia
1153 2706 1339 2807 thermas,
1360 2735 1511 2806 nemus,
1527 2715 1565 2784 ὃ(
1583 2703 1846 2781 naumachium
1875 2731 1941 2784 eo.

643 2814 821 2893 rumdeni
835 2810 937 2894 fuisse
956 2812 1092 2893 serunt.
1104 2820 1173 2894 Me
1192 2840 1345 2921 quoque
1364 2838 1494 2893 movet
1512 2811 1571 2891 ves
1592 2805 1708 2920 ipsum
1730 2838 1872 2890 nomen
1900 2839 1941 2890 ut

642 2921 850 3002 existimem
869 2922 1042 3028 quaedani
1057 2949 1172 3030 opera
1188 2921 1359 3031 publica,
1374 2924 1451 3028 jam
1467 2920 1769 3029 penitusdiruta,
1787 2924 1942 2999 nomine

644 3032 784 3109 Caii&
803 3033 910 3109 Lucii
927 3030 1056 3106 hocin
1077 3033 1196 3107 tracitu
1220 3029 1412 3138 insignita,
1445 3058 1533 3106 curn
1561 3023 1762 3137 presertim
1782 3027 1938 3132 Anony-

644 3168 727 3215 mus
749 3138 797 3216 de
809 3136 1045 3216 Mirabilibus
1064 3141 1219 3237 Rome,
1231 3140 1443 3246 quingentis
1464 3136 1553 3214 hinc
1571 3139 1721 3213 circiter
1730 3138 1834 3211 annis
1853 3129 1937 3212 scri-

641 3243 775 3357 pserit,
792 3244 973 3352 palatium
983 3236 1226 3324 Sessutianum
1238 3272 1357 3355 prope
1371 3258 1468 3325 Ceme
1483 3249 1521 3319 de
1539 3243 1665 3324 Casuce
1680 3241 1788 3318 situm
1814 3235 1937 3339 fuisse,

643 3383 743 3462 qu0,
759 3356 896 3430 vitiatis
915 3351 1127 3432 nominibus
1144 3352 1302 3431 indicari
1328 3352 1505 3431 videntur
1525 3350 1683 3429 therme
1695 3350 1777 3427 Caii
1797 3355 1834 3426 &
1859 3350 1935 3427 Lu.

639 3467 699 3541 cii.
719 3460 841 3539 AEdes
858 3465 995 3569 quippe
1023 3456 1232 3540 Sessotianae
1248 3460 1422 3570 proxime
1440 3459 1566 3535 vilsam
1580 3455 1785 3536 Coltellnrn
1797 3452 1937 3534 fuerint

642 3565 785 3650 necesse
808 3565 871 3646 est.
890 3572 996 3647 Nam
1016 3594 1059 3645 ut
1075 3575 1113 3647 in
1138 3568 1275 3649 eodem
1303 3565 1482 3674 scriptore
1512 3566 1640 3644 videre
1672 3561 1755 3661 est,
1794 3564 1934 3672 procli-

643 3686 696 3757 vis
719 3675 772 3757 est
808 3679 856 3756 ‘ni
885 3691 918 3753 Θ
947 3681 985 3752 in
1025 3687 1056 3753 C
1090 3677 1248 3754 latinum
1295 3678 1579 3752 commutatio:
1617 3675 1670 3749 At
1705 3699 1796 3750 vero
1837 3678 1934 3779 peri.

642 3814 724 3867 tum
745 3788 934 3863 neminem
954 3782 1138 3883 arbitror,
1162 3812 1232 3892 pro
1253 3782 1433 3879 Bafilica,
1456 3807 1521 3857 aut
1549 3780 1705 3856 thermis
1732 3778 1934 3856 delubrum

642 3891 853 4000 hujusmodi
883 3891 1120 3988 habiturum,
1157 3892 1355 3998 multoque
1384 3894 1504 3966 minus
1531 3886 1734 3994 adstipuiet
1754 3890 1934 3964 Famiano

642 4010 684 4083 N
688 4003 821 4081 ardino
842 4005 904 4106 qui
924 4000 1078 4078 aestimat
1097 3995 1166 4078 esse
1187 4024 1334 4107 partem
1354 3997 1482 4105 palatii
1502 3998 1694 4073 Liciniani.
1716 3998 1820 4072 Nam
1842 3995 1931 4101 quid

640 4141 728 4190 cum
744 4108 886 4221 palutio
904 4107 985 4184 talis
1003 4106 1190 4184 sttuciurut
1216 4104 1339 4183 surina
1352 4111 1495 4183 .>Totus
1515 4130 1607 4209 ergo
1630 4128 1674 4179 ac
1694 4100 1870 4209 pedibus,
1892 4125 1933 4176 ut

637 4226 765 4318 aiunt,
791 4220 829 4293 in
857 4219 1109 4320 antiquiorem
1139 4211 1242 4291 seror
1270 4241 1294 4287 o
1322 4216 1520 4309 inionem,
1546 4205 1616 4289 esse
1634 4206 1810 4286 videlicet
1835 4210 1930 4284 Pun-

637 4327 771 4404 theum
791 4325 975 4403 Mineruae
994 4321 1156 4399 Medicae
1173 4320 1193 4397 d
1213 4242 1320 4400 Rufii
1337 4328 1374 4396 &
1392 4322 1594 4395 Vitiorein
1607 4312 1788 4424 Esquilina
1809 4319 1930 4421 tegio.

638 4461 684 4512 ne
704 4457 956 4511 memoratum
977 4476 986 4530 3
1005 4457 1092 4507 nam
1113 4434 1216 4538 regio
1245 4456 1288 4507 en
1313 4422 1386 4535 ipsa
1413 4425 1485 4524 est,
1513 4422 1741 4503 Pantsieonis
1768 4420 1932 4497 sormam

638 4543 740 4619 haud
760 4533 915 4618 obscure
933 4538 1102 4645 produnt
1127 4565 1146 4613 a
1178 4536 1269 4614 fides
1293 4534 1418 4611 statuis
1442 4537 1638 4610 numinum
1663 4534 1835 4609 excitate
1855 4564 1863 4606 :
1883 4528 1934 4605 ad

636 4651 738 4752 huc,
763 4644 845 4759 post
865 4650 989 4723 vicutn
1007 4644 1089 4723 Ursi
1111 4565 1241 4753 piieuti
1251 4650 1289 4721 in
1298 4638 1481 4750 Esquilina
1498 4644 1675 4749 regione,
1701 4631 1932 4747 consequen-
