4264 5684
397 463 459 546 ¹32
860 423 1049 519 Dianium
1077 426 1275 521 Italicum.

397 579 459 634 ter
468 549 692 662 Esquilinum
704 558 741 632 ὃ(
757 552 922 633 Coelium
944 579 1116 653 montes,
1133 558 1185 633 ita
1201 581 1243 634 ut
1261 556 1375 634 etiam
1393 553 1507 632 clivos
1520 552 1685 663 comple·

399 667 572 742 deretur.
601 664 665 741 De
684 660 834 741 Subura
854 663 923 740 situ
942 661 1219 773 latitudineque
1239 663 1532 743 controversam
1562 690 1688 740 move-

400 796 491 849 runt
516 773 693 849 Donatus
718 779 756 849 &
780 771 983 849 Nardinus.
1010 775 1187 851 Donatus
1221 773 1374 881 quidem
1404 778 1455 849 ait
1484 771 1688 865 Suburam,

429 908 484 957 uae
506 879 527 956 d
548 877 679 980 Ruso,
709 884 861 960 Viclore
887 876 1037 987 aliisque
1063 880 1272 958 auclorilius
1288 885 1327 959 in
1350 885 1501 989 regione
1527 876 1689 958 secunda

401 906 475 1067 sive
495 986 779 1065 Caelimontana
798 985 1052 1087 constituitur,
1081 988 1318 1098 complexam
1341 985 1442 1068 fuisse
1471 982 1689 1083 Colilatum,

403 1120 549 1203 partein
570 1096 655 1172 clivi
682 1089 856 1202 Esquilini
876 1091 997 1175 versus
1026 1101 1057 1176 8.
1076 1100 1231 1176 Luciam
1249 1103 1286 1175 in
1304 1097 1434 1197 Silice,
1460 1095 1585 1175 forum
1610 1097 1690 1173 Ca·-

403 1200 487 1281 saris
511 1201 595 1280 soro
613 1208 752 1282 Nerva
771 1209 955 1304 vicinum,
974 1212 1012 1282 &
1030 1230 1175 1313 partem
1196 1204 1282 1282 clivi
1298 1207 1513 1304 Viminalis,
1538 1228 1689 1283 necnon

404 1310 608 1421 Quirinalis
624 1306 672 1389 us
691 1338 736 1390 ue
758 1312 807 1389 ad
828 1317 860 1391 8.
880 1312 1072 1422 Agatlram
1099 1318 1138 1391 in
1164 1311 1317 1392 Subura.
1345 1316 1473 1420 Atque
1500 1318 1553 1390 ita
1577 1311 1690 1390 Subu-

404 1446 486 1498 ram
505 1419 623 1529 longc
650 1339 749 1498 dltra
764 1418 899 1499 limites
925 1418 973 1498 ab
992 1424 1070 1498 anti
1099 1425 1152 1498 uis
1177 1420 1281 1499 haud
1314 1415 1471 1499 obscure
1497 1420 1690 1528 assignatos

405 1526 577 1607 extendit
598 1573 607 1629 3
633 1526 707 1605 hoc
722 1527 887 1607 maxime
906 1525 1020 1606 fultus
1029 1450 1192 1630 indicio,
1207 1528 1312 1637 quod
1329 1525 1467 1608 scilicet
1486 1532 1519 1607 S.
1538 1527 1693 1636 Agatha

406 1639 444 1714 in
463 1636 606 1715 Subura
628 1633 897 1716 meinoreturd
915 1638 967 1715 D.
992 1637 1186 1747 Gregorio
1202 1636 1282 1717 Lib.
1301 1666 1329 1737 3.
1349 1641 1413 1746 Ep.
1433 1667 1487 1715 io.
1506 1640 1597 1746 Qio
1616 1634 1692 1746 pla

406 1743 457 1822 ni:
484 1743 618 1822 confici
645 1744 793 1823 videtur
821 1742 1002 1823 Suburam
1027 1743 1131 1824 illam
1185 1773 1239 1823 ua
1264 1749 1302 1822 in
1331 1744 1617 1824 Coelimontana
1638 1769 1694 1822 rc-

407 1857 518 1962 gione
533 1877 765 1930 memoratur
789 1842 971 1961 pertigisse
996 1849 1109 1962 usque
1137 1774 1188 1931 ad
1208 1857 1239 1932 8.
1264 1852 1456 1961 Agatham
1484 1855 1522 1930 in
1550 1851 1694 1930 Subura

408 1988 489 2069 qua
508 1964 546 2038 in
564 1959 662 2037 clivo
679 1959 882 2145 Qpirinalis
901 1959 966 2037 sita
983 1958 1045 2040 est.
1073 1961 1220 2040 Omissis
1248 1961 1326 2039 aliis
1342 1990 1424 2069 quat
1450 1960 1500 2037 ad
1517 1961 1693 2038 tutandas

409 2094 531 2179 partes
547 2067 691 2178 profert
709 2073 719 2144 i
736 2068 792 2167 le,
809 2091 940 2177 utpote
969 2066 1152 2177 perplexis
1180 2079 1218 2148 &
1243 2074 1381 2177 quaein
1406 2073 1585 2146 utramvis
1613 2096 1693 2177 par.

408 2202 486 2256 tem
512 2176 697 2285 quadrare
714 2172 859 2284 possunt
878 2221 887 2276 3
905 2173 1005 2252 aliud
1017 2202 1063 2255 ex
1080 2180 1393 2286 Notitialmperii
1411 2180 1694 2255 mutuaturDo.

409 2309 536 2383 natus,
556 2283 618 2362 ubi
636 2283 717 2393 post
740 2282 864 2362 sorum
894 2284 1167 2362 Transitorium
1188 2285 1330 2364 Subura
1352 2280 1625 2392 consequenter
1639 2288 1692 2360 in.

410 2417 469 2472 ter
488 2416 628 2501 quarta
646 2396 805 2500 regionis
830 2415 953 2500 partes
975 2417 1227 2470 enumeratur.
1255 2394 1447 2472 Indicatur
1472 2417 1599 2472 autem
1629 2396 1694 2470 Su-

410 2499 505 2579 bura
522 2529 602 2609 quc
621 2500 670 2578 ad
696 2498 833 2576 clivum
851 2499 1053 2607 Quirinalis
1069 2504 1314 2611 pertingit,in
1334 2529 1410 2608 quo
1431 2500 1529 2578 clivo
1548 2506 1581 2581 8.
1598 2504 1696 2610 Aga-

410 2608 480 2687 tha
498 2613 536 2686 in
554 2608 695 2688 Subura
715 2617 751 2687 δε
768 2607 891 2686 sorum
907 2608 1180 2686 Transitorium
1207 2610 1379 2717 proxim‘c
1400 2608 1466 2686 sita
1488 2604 1580 2687 sunt.

470 2717 666 2796 Nardinus
682 2741 815 2793 contra
840 2739 981 2824 pugnat
1000 2719 1097 2794 inter
1113 2716 1249 2792 clivum
1270 2712 1564 2824 Esquiliarum&
1583 2716 1697 2795 Coelii

410 2831 550 2903 montis
574 2821 888 2932 circumscriptam
909 2822 1112 2921 Suburam,
1140 2850 1337 2933 totamque
1357 2824 1492 2902 vallem
1513 2824 1560 2901 ab
1579 2824 1698 2903 eccle-

413 2932 462 3012 fia
482 2936 515 3013 8.
537 2934 693 3012 Petri&
710 2929 923 3011 Marcellini
948 2928 1171 3041 occupasse,
1206 2958 1319 3118 atque
1346 2959 1554 3042 repugnare
1579 2937 1698 3009 onini-

412 3069 465 3120 no
484 3038 687 3128 Suburam,
705 3067 786 3146 quae
805 3064 893 3118 ante
905 3035 1056 3116 divisam
1068 3038 1115 3116 ab
1135 3043 1246 3150 Augu
1279 3040 1455 3119 oUrbein
1469 3047 1505 3118 in
1521 3065 1699 3147 quatuor·⁴

414 3149 540 3227 decim
556 3153 746 3256 regiones,
766 3174 812 3227 ex
831 3172 993 3255 quatuor
1011 3151 1193 3226 Romanis
1215 3153 1375 3255 antiquis
1401 3144 1612 3256 regionibus
1638 3153 1699 3226 Su-

415 3255 580 3354 burana,
600 3252 803 3363 Esquilina,
824 3254 997 3355 Collina,
1016 3255 1197 3353 Palatina,
1208 3280 1372 3332 unaerat
1389 3301 1396 3345 3
1416 3258 1462 3332 ad
1485 3280 1702 3335 caterasie-

416 3369 545 3472 giones
571 3360 851 3470 Esquilinam&
879 3362 1071 3442 Collinam
1098 3369 1188 3442 item
1222 3362 1441 3471 pertinuisse.
1467 3368 1562 3441 Hac
1597 3370 1698 3442 enim

417 3500 494 3548 non
512 3472 638 3547 divisio
658 3468 797 3571 fuisset,
816 3468 876 3550 sed
905 3469 1081 3548 confuso
1107 3470 1168 3547 Ad
1185 3468 1263 3546 hac
1289 3470 1643 3549 constanterViclor
1663 3480 1700 3550 ἃ

419 3577 540 3659 Rufus
559 3578 739 3658 Suburam
763 3585 801 3656 in
821 3576 979 3656 secundi
995 3583 1147 3686 regione
1159 3577 1441 3656 Coelimontana'l
1457 3604 1700 3678 enumerant,

417 3693 458 3766 ὃ(
474 3682 652 3794 nusquam
673 3686 770 3765 alias.
797 3687 916 3799 Quod
945 3686 1081 3763 dicitur
1106 3709 1231 3763 antem
1250 3688 1282 3762 S.
1309 3686 1538 3794 Gregoriuin
1559 3713 1701 3764 inemo.

418 3822 502 3874 rare
522 3797 555 3873 8.
576 3794 765 3904 Agatliam
791 3799 829 3870 in
856 3792 1016 3890 Subura,
1045 3821 1125 3900 quar
1144 3793 1285 3873 Subura
1312 3794 1470 3902 proinde
1495 3793 1542 3871 ad
1563 3791 1701 3872 clivum

419 3903 622 4011 Qiirinalis
637 3906 851 4013 pertigerit,
868 3909 907 3978 &
928 3900 1107 3978 Suburam
1119 3905 1156 3978 in
1171 3905 1482 4010 Notitialmperii
1503 3928 1542 3980 re
1571 3907 1633 3978 oni
1651 3906 1703 3979 in.

419 4035 478 4089 ter
497 4036 636 4117 quartat
654 4015 813 4119 regionis
834 4033 955 4114 partes
979 4054 987 4105 3
1011 4008 1183 4087 confutat
1209 4011 1422 4107 Nardinus,
1458 3929 1568 4116 quod
1589 4014 1702 4087 Noti„

420 4124 471 4196 tia
493 4122 548 4196 Im
577 4123 643 4196 erii
668 4147 744 4195 non
767 4117 927 4195 multum
945 4122 1165 4195 audoritate
1182 4116 1305 4194 valeat
1330 4141 1461 4225 utpote
1481 4118 1502 4194 :i
1523 4117 1704 4195 Constan-

420 4146 670 4333 tinopolitano
684 4223 790 4303 fassa.
807 4229 840 4304 8.
859 4253 973 4333 porro
997 4225 1188 4333 Agatham
1207 4226 1227 4300 d
1244 4226 1297 4302 D.
1315 4225 1504 4335 Gregorio
1516 4252 1702 4304 memora-

420 4358 499 4412 tam
526 4362 604 4414 non
621 4359 704 4412 eam
721 4328 790 4412 else
808 4360 888 4439 quae
905 4331 1022 4414 hodie
1038 4339 1075 4411 in
1095 4333 1193 4411 clivo
1210 4331 1413 4441 Quirinalis
1440 4333 1623 4432 liabetur,
1640 4328 1702 4411 secl

420 4440 531 4520 aliam
551 4470 633 4550 quae
651 4447 689 4518 in
708 4444 861 4548 antiqua
888 4439 1032 4519 Subura
1056 4465 1156 4539 erat,
1176 4468 1332 4549 quaque
1349 4440 1526 4549 populati
1537 4468 1603 4547 per
1618 4446 1704 4517 Bar-

421 4547 529 4626 baros
562 4556 713 4658 regione
741 4546 1025 4626 Coelimontana
1044 4554 1081 4625 &
1100 4548 1222 4626 diruti
1239 4549 1430 4647 Ecclesia,
1459 4548 1508 4623 ad
1532 4552 1703 4656 Qirina-

422 4657 493 4735 lem
513 4657 648 4737 deimle
665 4656 840 4735 translata
852 4722 860 4753 ,
872 4683 1010 4736 nomen
1021 4655 1212 4767 pristinum
1229 4659 1432 4739 retinuerit.
1452 4659 1497 4737 Et
1517 4656 1647 4766 populi
1664 4655 1704 4735 si-
