4352 5690
1011 344 1630 573 anqfimmspmmm.
1933 403 2004 491 3„

676 494 895 607 eleganter,
914 515 1043 576 metro
1059 490 1205 575 transtu
1222 495 1273 592 it,
1293 490 1516 572 Homerum
1537 483 1747 587 videlicet,
1781 488 1999 574 Hesiodum

674 607 964 686 Anacreontem
990 613 1030 686 δι
1057 601 1162 683 alios.
1196 597 1476 683 Monasterium
1496 600 1538 678 B.
1556 600 1694 678 Maria
1711 662 1723 700 ‚
1742 598 1926 682 Prafeebo
1942 604 1996 685 D.

676 712 832 824 Angelo
851 717 1026 816 Nincio,
1055 714 1162 822 eujus
1185 707 1377 824 prolixam
1395 734 1489 821 erga
1504 732 1569 788 me
1588 705 1830 791 voluntatem
1850 708 1916 792 diu
1932 739 1997 795 ex·
2065 729 2070 739 '

674 847 807 934 pertus
822 818 924 925 sum,
948 819 1026 937 ipso
1044 845 1205 905 curante
1220 824 1299 933 jam
1321 817 1436 901 floret
1454 812 1658 930 disciplina
1674 817 1901 901 Monastica·
1919 820 1996 904 ser-

677 959 772 1014 vore
788 960 834 1013 ac
852 931 977 1016 studio
997 932 1225 1018 litterarum.
1269 928 1460 1014 Monachi
1480 954 1616 1009 omnes
1636 927 1740 1033 istic,
1767 930 1898 1042 probis
1916 961 1997 1011 mo.

679 1041 783 1123 ribus
808 1072 854 1125 ac
871 1042 1008 1128 urbani
1027 1074 1116 1126 cum
1145 1046 1277 1156 primis
1301 1036 1413 1144 sunt5
1450 1033 1674 1151 quibuscum
1697 1068 1779 1121 non
1804 1047 1997 1156 peregrini

677 1148 744 1233 sed
756 1150 889 1344 fratris
904 1183 1015 1239 more
1032 1149 1219 1259 versatus,
1235 1149 1414 1234 omnibus
1429 1147 1679 1231 humanitatis
1696 1151 2000 1234 officiisexoma-

679 1284 740 1343 tus
772 1295 848 1349 um.

1061 1618 1315 1748 Cnuur
1398 1618 1624 1717 XXVst

675 1826 783 1948 Piso.
824 1839 901 1924 ‘De
931 1836 1084 1957 Magno
1107 1832 1312 1923 Hetruriae
1341 1833 1449 1926 duce.
1504 1842 1581 1928 ‘De
1605 1828 1701 1921 eccle
1715 1860 1757 1919 nt
1781 1839 1998 1923 Graecorum

743 1958 926 2059 Liburni.
962 1961 1134 2057 therma
1161 1964 1333 2081 'Pifimn
1370 1982 1461 2063 Iter
1479 1965 1715 2061 Bononiam.
1766 1977 1831 2058 De
1862 1963 1997 2085 nstin

740 2096 1019 2228 autographo,
1054 2126 1330 2229 nepotatur,
1363 2103 1410 2196 in
1443 2103 1596 2227 ecclefin
1624 2100 1990 2195 Dominicanorurn.

741 2230 802 2327 D.
822 2227 972 2326 Thone
991 2237 1208 2365 Aquinatis
1224 2235 1308 2330 icon
1329 2245 1388 2365 (ᾖ
1399 2238 1603 2368 inscriptio
1625 2232 1787 2330 ibidem.
1823 2237 1997 2368 Infignir

720 2372 957 2464 ·Avicennae
973 2375 1106 2466 codex.
1129 2371 1380 2466 Detnrnibus
1383 2367 1740 2504 propendentibus.
1778 2389 1840 2467 De
1855 2388 1997 2465 Mona·

727 2504 871 2618 storiis
890 2512 1102 2602 ‘Bononia
1157 2503 1351 2630 Monstrum
1371 2521 1418 2606 R.
1443 2524 1509 2604 Ῥ.
1535 2510 1694 2611 minii.
1728 2505 1987 2607 ‘Bibliotheca

735 2657 782 2738 S.
809 2643 1045 2735 Solentoris
1070 2647 1265 2738 Bononio.
1286 2645 1441 2740 Codices
1453 2642 1690 2743 milliorum
1715 2640 1988 2741 nbraacorum.

738 2778 1020 2908 Instgnifflnrus
1035 2782 1242 2875 tannarii
1266 2783 1400 2878 codex.

669 3016 852 3232 ΤΗΙ
866 3045 892 3097 e
906 3040 928 3096 n
941 3045 959 3097 s
971 3050 984 3099 1
996 3048 1030 3101 in
1044 3044 1074 3100 A
1100 3022 1236 3102 Martii
1254 3020 1397 3133 cymba
1414 3020 1594 3104 vehimur
1617 3014 1717 3100 Pisas
1739 3011 1988 3128 :insequente

787 3129 841 3209 D.
865 3127 1024 3225 Petrum
1042 3129 1292 3212 Benediaum
1305 3132 1483 3244 Syriacb,
1501 3128 1709 3231 Ambarac,
1726 3132 1989 3211 convenimus.

671 3236 707 3315 Is
732 3239 772 3314 in
792 3260 927 3318 monte
953 3237 1103 3321 Libano
1129 3264 1254 3345 ortus,
1279 3240 1418 3355 linguae
1442 3244 1604 3352 Syriaca
1627 3247 1667 3322 δι
1692 3236 1867 3320 Arabicae
1898 3240 1988 3319 Pisis

668 3345 827 3451 doctor,
847 3375 942 3459 opus
960 3376 1071 3460 parat
1086 3350 1251 3462 perutile
1270 3398 1279 3456 3
1310 3356 1483 3463 Syriacos
1498 3354 1603 3433 enim
1619 3347 1867 3432 eclesiasticos
1893 3353 1987 3430 ritus

669 3457 808 3536 Latina
824 3462 1144 3569 interpretatione
1161 3460 1285 3544 donat
1300 3466 1341 3543 in
1357 3459 1463 3544 usum
1475 3460 1728 3545 eruditonam.
1771 3458 1845 3541 Illo
1866 3464 1986 3539 comi-

666 3588 726 3667 te,
742 3568 936 3679 Campum
957 3565 1146 3673 sanctum,
1162 3596 1207 3651 ut
1225 3597 1390 3676 vocant,
1406 3573 1587 3675 adimus,
1607 3597 1816 3681 areamque
1836 3566 1986 3649 subdia.

663 3674 742 3755 lem
756 3743 767 3777 ,
784 3702 959 3759 veterum
970 3674 1148 3792 sepulcris
1163 3682 1361 3794 oppletam
1372 3750 1383 3786 ‚
1394 3681 1656 3795 baptisterium
1667 3679 1894 3785 ,Ecclefiam
1907 3681 1985 3762 Ca.

664 3785 907 3890 thedralem‚
926 3794 1062 3869 turrim
1078 3797 1388 3903 campanariam,
1407 3822 1491 3903 quae
1500 3792 1551 3873 ab
1560 3791 1684 3874 altera
1693 3815 1803 3903 parte
1818 3817 1986 3903 propen-

666 3898 754 4000 det,
774 3897 1043 4011 aesivergeret
1057 3904 1097 3981 in
1108 3905 1280 4004 nonam,
1297 3899 1451 3985 sedliaec
1463 3908 1603 3984 trita&
1614 3898 1876 4015 vulgatasunt.

719 4007 796 4090 Sub
813 4007 896 4089 haec
916 4012 1105 4121 Magnum
1127 4015 1323 4095 Hetruriae
1337 4013 1477 4096 ducem
1499 4013 1667 4115 vilmar,
1684 4010 1735 4092 ab
1754 4039 1880 4123 eoque
1899 4039 1985 4123 per.

663 4120 886 4202 humaniter
901 4119 953 4200 ad
970 4120 1209 4234 colloquium
1226 4124 1390 4227 admissi,
1405 4129 1590 4236 pietatem
1600 4125 1681 4232 ejus
1690 4122 1985 4233 divinarumque

660 4258 791 4313 rerum
808 4230 975 4313 studium
991 4238 1119 4315 mirati
1137 4230 1271 4316 sumus.
1314 4239 1350 4317 Is
1369 4264 1452 4317 rem
1463 4234 1689 4317 litterariam
1707 4261 1781 4345 pro
1801 4230 1903 4315 virili
1921 4231 1984 4312 so-

663 4366 753 4445 vet3
768 4341 940 4423 eruditos
959 4339 1128 4456 quosque
1154 4371 1203 4427 ex
1232 4350 1344 4427 variis
1367 4344 1472 4427 orbis
1486 4342 1657 4458 partibus
1678 4346 1826 4455 magnis
1840 4341 1982 4453 stipen-

662 4450 733 4533 diis
747 4478 886 4535 evocat
905 4490 914 4534 ε
934 4483 1013 4564 quo
1031 4453 1195 4559 saelum,
1214 4481 1257 4538 ut
1273 4451 1457 4568 nusquam
1474 4484 1544 4569 per
1562 4453 1711 4537 ltaliam
1729 4476 1790 4532 tot
1802 4449 1981 4534 homines

659 4567 770 4641 variis
789 4559 991 4675 disciplinis
1010 4565 1212 4670 excultos,
1239 4592 1337 4680 quot
1356 4573 1396 4648 in
1412 4568 1568 4648 ditionis
1583 4559 1653 4645 sua
1676 4566 1786 4644 terris
1810 4590 1969 4674 compa.

657 4698 768 4755 reant
788 4710 797 4753 ε
821 4678 860 4754 in
888 4680 1077 4786 penitiore
1102 4677 1240 4758 Palatii
1264 4669 1315 4760 sui
1342 4677 1543 4772 conclavi,
1570 4670 1783 4756 sanctorum
1814 4675 1974 4753 Parrum

1660 4782 1823 4890 naun
