4352 5690
471 428 561 514 344
959 384 1378 489 Diariumltalicusn

472 535 508 602 L
534 537 576 604 G.
603 526 658 607 D.
683 548 724 604 ne
737 518 892 628 amplius
910 520 1025 627 ipop.
1047 518 1112 598 vel
1126 549 1153 599 a
1176 519 1283 623 clero,
1294 521 1361 633 sed
1374 552 1401 602 a
1418 519 1675 613 Cardinalibas
1694 540 1801 624 ij

471 642 578 717 Pone.
589 633 775 746 eligeretur.
802 627 1194 744 Hirrurſsrmgenrrale
1202 632 1398 715 Concilium
1412 649 1470 719 M
1472 649 1795 734 CCCCXXIII.

467 742 528 845 fieb
546 756 717 826 Martino
741 757 790 828 V.
817 739 1010 821 celebratur
1022 765 1036 825 3
1050 738 1118 854 fi‘d
1133 755 1228 822 inter
1244 743 1398 825 Concilii
1408 770 1558 852 proceres
1570 773 1701 860 paucos
1720 765 1797 867 post

459 844 593 966 nrenfis
611 865 723 935 coorti
742 849 931 963 diffenstonr
938 913 952 950 ,
977 876 1018 932 ot
1035 852 1157 932 molto
1163 857 1249 957 jam
1266 859 1456 961 corstitutir
1477 864 1679 949 canonibus
1703 874 1793 985 aegrl

456 966 630 1069 fhrenm,
648 960 999 1078 Senerfi‘diffirlvitur.
1790 972 1794 981 ’

515 1190 584 1272 De
605 1185 786 1270 Concilio
806 1187 978 1302 generali
999 1189 1103 1271 Senis
1126 1184 1324 1271 celebrato
1344 1187 1428 1271 haec
1447 1189 1644 1278 habentur
1658 1203 1699 1283 in
1718 1228 1790 1286 σο.

458 1298 548 1382 dice
564 1297 784 1383 Cardinalis
804 1303 998 1402 Petronii,
1019 1299 1069 1381 de
1088 1328 1167 1410 quo
1190 1297 1346 1382 inferius
1365 1336 1374 1382 ε
1395 1313 1482 1387 Nec
1503 1306 1612 1387 multi
1626 1318 1722 1418 post,
1745 1316 1788 1396 id

462 1417 642 1516 esl,1060.
662 1411 858 1495 Concilium
868 1412 1027 1526 generale
1049 1420 1150 1495 Senis
1171 1409 1617 1516 Christianorumhabr'tum
1632 1429 1786 1530 estm

457 1535 582 1620 Rome
598 1523 638 1604 ob
657 1525 826 1604 tumultus
833 1523 988 1638 ficariis
1001 1553 1102 1635 agere
1118 1551 1182 1602 non
1195 1522 1320 1607 liceret.

508 1634 660 1718 Eodem
677 1633 799 1718 latere
818 1659 925 1717 extat
940 1633 1138 1716 bellilfima
1150 1632 1300 1746 capella
1314 1634 1595 1751 Chiggiorum,
1614 1646 1782 1735 odoro.

454 1742 596 1827 lumnis
616 1775 663 1829 ex
682 1774 877 1830 marmore
897 1744 1010 1826 viridi
1037 1769 1203 1848 ornata,
1232 1742 1436 1860 statuisque
1458 1754 1517 1834 88.
1541 1754 1780 1867 Hieronymi

452 1865 494 1938 Β(
519 1857 765 1973 Magdalenae
792 1863 960 1950 Bernino
980 1856 1152 1959 artifice,
1171 1853 1325 1978 aliisque
1347 1857 1459 1942 bonae
1478 1886 1581 1949 notae
1610 1866 1779 1979 opificiis.

452 1966 593 2051 Subtus
613 1969 735 2063 altare
753 1974 793 2058 in
811 1999 855 2053 ca
884 1965 920 2050 sa
936 1968 1106 2082 eleganti
1124 1973 1368 2081 requielcunt
1385 1969 1462 2053 offa
1479 1979 1512 2057 8.
1528 1979 1650 2090 Sergii
1667 1982 1778 2068 Mar.

452 2086 556 2192 tyris,
586 2084 622 2162 A
643 2081 826 2164 lateribus
878 2081 1012 2194 apellae
1024 2079 1174 2164 exstant
1192 2080 1278 2169 dure
1295 2081 1460 2189 ¹tabulae3
1482 2084 1604 2170 altera
1622 2087 1723 2204 fugat
1736 2097 1779 2180 in

451 2196 693 2306 AEgyptum,
712 2195 835 2280 altera
845 2194 1071 2306 Visttan'onir
1088 2191 1235 2274 Carolo
1250 2197 1425 2277 Maratta
1434 2201 1591 2308 pidiore.

503 2310 534 2389 E
555 2309 681 2389 vicino
709 2302 793 2387 sunt
809 2305 942 2389 statuae
968 2303 1182 2387 Alexandri
1205 2309 1278 2402 IIL
1291 2313 1332 2387 ὅ(
1349 2305 1460 2401 Alex.
1489 2314 1594 2397 VII.
1613 2313 1776 2402 Pontifi.

448 2446 565 2521 cum,
590 2422 738 2533 origine
762 2416 997 2500 Senenfium.
1729 2426 1732 2431 ’

501 2528 638 2614 Altare
657 2533 779 2641 majus
799 2529 961 2613 Ciborio
980 2526 1245 2642 pulcherrimo
1267 2555 1429 2612 ornatur
1446 2559 1495 2614 ex
1508 2561 1606 2638 aere,
1625 2535 1775 2627 artifice

447 2642 659 2723 Laurentio
670 2640 873 2724 Vecchieti
884 2669 987 2728 anno
999 2669 1105 2747 1472·
1137 2639 1277 2753 Angeli
1289 2671 1446 2754 quoque
1458 2644 1667 2728 duodecim
1678 2654 1775 2734 aenei

447 2750 706 2838 artificiosum
721 2751 920 2879 singulari,
944 2752 1168 2865 peritiilimis
1184 2749 1311 2834 fabris.
1345 2755 1573 2838 Duodecim
1583 2757 1774 2844 columnis

478 2895 533 2946 uae
548 2864 755 2948 Ecclefiam
772 2865 958 2967 iniciunt,
979 2864 1189 2946 duodecim
1206 2864 1484 2977 Apostolorum
1501 2867 1632 2950 statuae
1650 2899 1772 2984 appo.

447 2894 524 3057 lite
544 2974 639 3059 sunt.
670 2975 801 3058 Ambo
820 2982 859 3058 in
878 3005 956 3089 quo
974 3002 1154 3056 cantatur
1172 2976 1425 3089 Evangelium
1443 2981 1669 3094 ostangulus
1693 2983 1770 3086 est,

444 3088 562 3280 iustus
574 3090 760 3171 columnis
778 3118 942 3194 novem,
960 3086 1060 3170 altus
1077 3087 1215 3181 cubitis
1233 3092 1343 3194 oei0,
1363 3086 1529 3170 ambittis
1548 3090 1768 3177 cubitorum

459 3200 622 3285 ederim.

499 3315 643 3395 Visatur
660 3319 700 3396 in
716 3314 853 3398 eadem
870 3313 1038 3398 Ecclesia
1053 3312 1245 3397 statuaPii
1256 3314 1306 3393 II.
1317 3307 1641 3426 versuscapellam
1655 3320 1688 3398 8.
1699 3320 1770 3400 Pe-

442 3429 515 3528 tri,
532 3435 571 3507 ἃ
590 3454 612 3509 e
632 3432 788 3541 regione
814 3425 934 3529 illius,
950 3423 1100 3507 loculus
1124 3453 1166 3506 re
1195 3422 1359 3504 onendae
1380 3422 1510 3505 statuar
1526 3427 1583 3506 Pii
1601 3430 1669 3509 ΙΙΙ.
1683 3434 1769 3542 q'uae

444 3541 583 3620 Romae
605 3538 781 3620 confecia
797 3537 870 3640 est,
887 3537 1116 3651 propediem
1135 3452 1230 3617 illuc
1254 3533 1498 3617 advehenda.

497 3653 543 3731 in
570 3650 718 3841 capella
744 3656 780 3736 8.
799 3650 988 3765 johannis
1016 3647 1073 3739 ‚est
1097 3647 1221 3740 statua
1249 3642 1419 3753 ejusdcm
1446 3593 1767 3839 sandipohannir

446 3789 563 3843 anea.
594 3763 744 3850 laidem
762 3758 933 3847 servatur
952 3759 1154 3844 brachium
1175 3751 1344 3867 ejusdem
1363 3753 1477 3839 saneti
1497 3764 1572 3872 trip
1589 3765 1639 3840 ici
1657 3763 1768 3849 clave

444 3871 685 3980 obseratum5
706 3902 868 3986 quarum
896 3901 1016 3962 unam
1038 3864 1379 3990 Archiepilcopus‚
1403 3868 1567 3952 alteram
1588 3877 1767 3989 princeps

444 3985 602 4065 Senatds
618 4054 629 4087 ,
647 3992 800 4070 tertiam
820 3988 947 4068 redior
971 3980 1127 4067 fabricae
1145 4006 1262 4105 penes
1280 3985 1315 4069 lc
1335 3978 1466 4063 habet.
1496 3985 1681 4063 Proxime
1702 4014 1765 4067 ta.

440 4094 585 4211 pellam
611 4120 868 4181 memoratam
893 4093 948 4176 est
972 4087 1218 4186 Mausoleum
1242 4090 1460 4173 Cordinalis
1479 4094 1665 4176 Riccardi
1690 4101 1764 4195 Ρς.

441 4214 566 4310 troni,
586 4212 656 4287 viri
676 4204 740 4287 suo
761 4236 843 4287 aevo
887 4204 1045 4286 raclari.

496 4320 669 4400 Riccardo
689 4234 885 4402 Cardinall
897 4328 1047 4402 Petrono
1070 4324 1149 4397 Sat.
1168 4325 1270 4395 Rom.
1288 4313 1443 4397 Ecclerae
1465 4322 1763 4401 vice-cancellario

439 4430 641 4525 clariffimr,
661 4426 942 4543 jurisprudentiae
962 4429 1119 4522 lumini,
1145 4437 1211 4533 qui
1224 4429 1296 4532 post
1318 4428 1492 4505 calefiam
1513 4427 1681 4509 decretum
1706 4441 1760 4517 A.

440 4556 496 4626 M
499 4555 601 4629 CLI.
620 4544 828 4624 iGratiano
839 4537 976 4650 Clufino
993 4537 1263 4622 terninano
1273 4537 1659 4652 Decretaliumsrxtum
1674 4572 1761 4622 com.-

434 4654 569 4765 pofirr't,
592 4650 638 4746 ἄν
654 4652 842 4753 Bonifhcir'
862 4663 983 4734 VIII.
1005 4658 1052 4732 P.
1070 4660 1135 4730 M.
1155 4644 1263 4759 caufir
1280 4659 1317 4725 t'n
1339 4649 1534 4729 Concilium
1550 4664 1674 4734 Vienn.
1682 4654 1761 4753 for,

438 4778 523 4847 titur
538 4761 697 4876 dascusa,
715 4758 1017 4875 hospitalisanllae
1033 4755 1243 4844 Catharinae
1252 4756 1348 4839 domo
1359 4762 1625 4875 Cistercimfium
1646 4761 1761 4873 Char-

1553 4897 1592 4952 tu
1604 4903 1763 4957 mamm
