4422 5692
453 573 524 655 154
925 533 1111 624 Diariam
1147 535 1339 626 Italicum.

456 658 584 738 denda
616 688 696 765 qua
729 658 887 734 diximus
911 655 1071 766 superins
1095 659 1143 735 de
1171 663 1392 737 cometcrio
1418 662 1449 738 S.
1478 665 1679 745 Laurentii.
1706 675 1749 748 ln

456 764 591 847 sentitis
610 764 850 845 subterraneis
874 763 976 842 haud
996 767 1127 886 procul
1146 765 1438 872 aditusjamest,
1458 768 1523 846 etli
1540 799 1623 847 cuni
1641 803 1747 880 aper.

456 900 502 952 tat
514 874 705 954 erantlatb
724 877 907 981 permeari
924 870 1086 981 pollent3
1105 904 1189 952 narn
1208 880 1499 981 circumquaque
1514 883 1619 954 variis
1631 880 1745 959 trans.

458 983 585 1080 versis,
603 983 781 1078 adverlis,
804 981 936 1058 averlis
968 982 1150 1061 meatibus
1176 982 1464 1090 protenduntur.
1492 992 1636 1063 Verum
1660 996 1746 1095 quia

458 1091 628 1167 loconnn
655 1094 832 1197 imperitis
851 1088 950 1166 hand
979 1092 1053 1170 sine
1070 1089 1236 1199 periculo
1255 1093 1291 1165 in
1309 1089 1749 1197 profundioracurricula

455 1222 653 1307 penetrare
674 1196 778 1295 licet,
792 1197 871 1273 hac
893 1196 998 1275 causa
1009 1198 1076 1275 fuit
1090 1224 1129 1274 nt
1144 1197 1336 1274 obstrudat·
1351 1197 1503 1274 confilio
1523 1197 1659 1279 senrita
1670 1233 1747 1280 non

456 1304 586 1412 procul
604 1328 767 1413 pateant.
797 1310 968 1382 Narrant
992 1312 1091 1385 enini
1118 1309 1332 1413 quempiam
1360 1304 1550 1407 nobilem,
1575 1314 1745 1414 quicum

455 1411 598 1489 lamilia
621 1413 773 1489 intautb
792 1417 829 1489 in
850 1412 927 1489 hac
947 1409 1015 1492 sese
1034 1413 1116 1489 loca
1135 1415 1370 1517 conjecerat,
1390 1441 1595 1518 numquam
1619 1418 1748 1522 postea

458 1518 709 1627 comparuille.
731 1520 849 1599 lucidi
873 1520 973 1596 haud
1000 1526 1052 1597 ita
1071 1520 1215 1629 pridem
1242 1548 1278 1596 m
1299 1514 1450 1597 schedas
1469 1517 1656 1625 cujusdam
1680 1552 1744 1629 pe.

457 1632 595 1734 tegrini
618 1628 742 1727 Galli,
768 1632 830 1734 qui
848 1633 1027 1706 ornanda
1048 1633 1144 1705 naris
1166 1629 1283 1705 homo
1300 1626 1524 1706 videbatur:
1552 1628 1745 1707 narrabat-

457 1763 530 1841 qne
550 1728 583 1811 se
602 1730 788 1840 sociosque
835 1764 945 1812 ancos
964 1766 1049 1813 cum
1074 1741 1110 1811 in
1130 1734 1196 1813 hos
1219 1731 1289 1813 sese
1304 1731 1478 1811 obscmos
1495 1742 1661 1813 tramites
1678 1741 1746 1815 im„

457 1840 649 1938 niilillcnt,
668 1842 766 1917 horis
777 1764 1030 1949 plirsquinque
1047 1843 1329 1947 ultrocitroque
1349 1839 1531 1920 oberrasse
1548 1908 1558 1939 ,
1579 1874 1646 1921 nec
1672 1846 1744 1921 line

457 1946 664 2026 discrimine
684 1977 890 2054 numquam
913 1951 1117 2048 evadendi,
1138 1950 1204 2025 nili
1221 1956 1257 2025 in
1275 1976 1407 2057 operas
1430 1945 1638 2027 incidill'ent
1663 1980 1745 2058 qna:

459 2083 618 2162 corpora
638 2056 831 2163 eruebant.

513 2166 678 2240 Evicino
693 2166 915 2271 conspicitur
934 2167 1052 2240 circus
1072 2161 1276 2241 Caracalla
1297 2164 1497 2263 lateritins,
1515 2166 1614 2269 cujus
1627 2193 1672 2242 ex
1688 2167 1741 2242 al.

456 2293 536 2346 tera
555 2296 660 2378 parte
679 2275 774 2346 muri
792 2269 992 2348 confillunt
1008 2270 1224 2379 integrislb
1244 2275 1317 2347 ima
1329 2275 1429 2348 Circi
1440 2297 1547 2378 parte
1566 2269 1648 2348 limt
1666 2297 1742 2349 tur*

456 2406 511 2453 res
532 2374 939 2483 lateritia3cujulinodi
967 2382 1004 2454 in
1025 2378 1102 2453 aliis
1129 2406 1280 2483 quoque
1309 2383 1426 2455 Circis
1455 2379 1659 2456 exstabant.
1677 2386 1744 2458 [as

455 2484 545 2560 olnn
568 2490 631 2560 uiri
654 2489 873 2591 primarii&
898 2491 1097 2592 optimates
1129 2486 1364 2562 hare'ditario
1385 2489 1464 2590 jure
1492 2485 1745 2585 obtinebant,

453 2599 491 2667 ὅ(
511 2596 649 2697 pariter
667 2590 967 2668 transmittebant
988 2597 1025 2669 in
1044 2592 1135 2668 lilios
1154 2618 1265 2698 atque
1282 2618 1447 2700 nepotes.
1472 2596 1634 2699 liratque
1650 2592 1744 2669 illud

453 2704 596 2775 eximia
616 2700 805 2801 dignitatis
823 2724 1085 2806 argumentum
1102 2745 1109 2799 3
1124 2700 1146 2775 li
1166 2702 1244 2806 quis
1265 2724 1407 2778 turrem
1429 2704 1530 2777 Circi
1543 2698 1745 2807 lpeclandis

452 2787 679 2912 equestribus
703 2806 817 2904 ludis,
835 2806 1034 2884 obtineret.
1056 2812 1159 2884 Hinc
1179 2807 1230 2885 est
1247 2806 1350 2990 quod
1371 2807 1634 2884 Theudoricus
1658 2812 1744 2884 llcr

452 2914 552 3019 apud
573 2914 829 2990 Calliodornm
858 2914 958 3019 epist.
993 2942 1061 3013 42.
1091 2914 1172 2990 libri
1191 2944 1226 3012 4.
1275 2918 1555 2993 ehlarciani&
1584 2918 1745 2992 Maximi

451 3018 731 3099 adolescentum
772 3025 910 3126 patritii
941 3026 1084 3129 generis
1129 3025 1269 3125 jactura
1300 3023 1501 3130 grarillimc
1533 3049 1742 3127 conquera-

450 3149 531 3226 tur,
559 3138 596 3205 ἃ
616 3128 836 3204 calamitatis
852 3156 928 3203 non
952 3128 1110 3204 modica
1129 3129 1215 3203 loco
1236 3129 1393 3223 habeat,
1423 3128 1524 3233 qnod
1546 3134 1566 3203 ii
1587 3159 1671 3204 cnm
1694 3128 1746 3203 ob

448 3240 594 3342 paterni
606 3234 890 3312 funerislndum
902 3262 945 3310 ae
965 3239 1185 3341 pueritiam,
1203 3234 1223 3310 d
1242 3260 1343 3312 turre
1365 3239 1484 3330 Circi,
1505 3264 1584 3339 qua
1597 3234 1741 3310 sibilia:

450 3345 630 3419 reditario
653 3346 733 3447 jnre
755 3342 983 3439 obvenerat,
1003 3351 1040 3418 ἃ
1056 3342 1076 3418 a
1104 3341 1189 3417 loco
1219 3342 1498 3449 Amphitheatri
1527 3341 1746 3447 aliquandiu

450 3447 645 3527 abfuissent
667 3494 675 3547 3
694 3450 758 3524 laic
780 3451 934 3540 crudeli,
959 3453 1012 3524 ait
1031 3448 1321 3546 Theudoricus,
1355 3448 1551 3549 strrrrprronc
1577 3472 1743 3548 capuita,

449 3583 571 3634 turrem
593 3571 684 3637 Circi
705 3581 811 3659 <nque
826 3557 931 3631 loram
946 3555 1214 3657 Amphissam-r
1241 3549 1377 3656 illustris
1394 3555 1745 3654 scriniariorumtrras

450 3697 579 3755 corruit,
606 3664 796 3765 drrq'ladili
818 3663 950 3737 <tardata
969 3664 990 3737 cl
1029 3667 1145 3761 vestris
1170 3662 1345 3769 ſsrggrranr
1367 3661 1520 3765 βιβλία
1551 3687 1746 3762 repetitam,

451 3774 666 3877 Exindeque
700 3770 804 3874 jubet
834 3768 1073 3874 orphanis&
1109 3765 1244 3845 adultis
1272 3763 1411 3877 patritii
1455 3773 1598 3875 generis
1644 3768 1745 3846 relli-

454 3883 505 3954 tni
524 3903 664 3955 turrem
683 3876 1020 3983 &Amphitheatri
1042 3876 1178 3953 locum.
1200 3881 1251 3953 rsss·
1271 3877 1402 3982 quibm
1426 3876 1551 3983 palam
1573 3875 1624 3951 est
1650 3881 1749 3951 viros

454 3990 665 4063 Senatorios
685 3985 858 4091 affignata
884 3982 946 4058 libi
970 3988 1007 4059 in
1028 3984 1321 4087 Amphitheatro
1342 3983 1443 4078 loca,
1471 3992 1507 4059 ἃ
1531 3982 1738 4087 aliquando

453 4117 572 4169 turres
592 4097 627 4168 in
647 4095 763 4168 Circis
783 4095 949 4197 proprias
968 4089 1138 4167 halmillc.
1156 4095 1292 4169 Eratin
1305 4094 1405 4167 Circi
1423 4095 1547 4189 metis,
1577 4118 1737 4195 quarum

454 4201 604 4306 vestigia
624 4198 749 4274 adhuc
768 4196 984 4295 conspicua,
1000 4192 1179 4274 obeliscus
1198 4228 1243 4276 ex
1267 4226 1454 4275 marmore
1470 4202 1747 4303 oranitoAigy-

454 4314 558 4413 prio,
579 4311 642 4411 qui
659 4329 829 4411 tempore
852 4308 1061 4381 Innocentii
1082 4310 1131 4383 X.
1157 4308 1194 4380 in
1213 4303 1422 4411 Agonalem
1445 4287 1606 4409 plateam
1628 4306 1741 4381 advo

453 4420 530 4493 tros
550 4422 587 4491 ὃ(
607 4411 704 4490 sonti
721 4412 908 4517 impositus
927 4410 988 4487 est.
1017 4415 1150 4487 Haret
1176 4439 1270 4516 pene
1295 4414 1408 4487 Circo
1434 4439 1610 4517 nragmnn
1632 4410 1746 4486 adili-

455 4528 553 4597 cium
578 4521 787 4627 quadrum,
810 4518 913 4624 quod
934 4522 1029 4623 paris
1047 4522 1276 4623 antiquitatis
1297 4513 1396 4594 suilse
1416 4518 1584 4611 ridetur,
1601 4523 1748 4621 porrici-

455 4630 521 4705 bus
540 4633 634 4704 intus
655 4634 946 4731 circumquaque
963 4650 1186 4700 exornatum
1200 4662 1207 4700 ε
1222 4629 1324 4700 aiunt
1336 4625 1487 4731 quidam
1510 4624 1608 4701 suilli·
1622 4625 1747 4700 lorum

457 4736 640 4813 vestalium
656 4782 664 4836 3
677 4734 737 4812 alii
758 4761 923 4811 carceres
935 4735 1034 4810 Circi
1050 4778 1058 4831 3
1071 4730 1129 4809 alii
1150 4732 1248 4809 aliud
1262 4733 1501 4810 arbitrantur.
1515 4734 1669 4810 Circum
1681 4758 1744 4807 au-
