4180 5684
355 430 456 522 444
808 405 1000 501 niarium
1028 403 1231 501 Italicum.

357 526 427 606 lius
446 525 740 645 theatro,quod
758 534 950 617 hodierna
968 535 1607 652 quaquemagnitudineelegantia
1638 572 1688 627 ue

356 636 474 751 longe
492 638 528 721 su
560 668 662 747 erat,
681 672 728 725 ac
751 676 840 726 cum
870 645 1064 727 veteribus
1081 671 1310 730 concertare
1329 650 1443 734 valet.
1473 653 1520 733 Id
1543 654 1598 735 ibi
1611 574 1683 737 fm-

352 749 489 862 gulare
510 672 760 860 observatur,⁸
776 757 882 868 quod
901 756 927 837 fr
950 762 1033 869 quis
1051 762 1092 838 in
1111 783 1289 841 extremo
1307 761 1451 845 theatri
1469 765 1678 876 pofitusos

356 868 490 973 tioque
510 864 708 972 adversus,
727 874 973 980 quantumvis
985 866 1139 951 demisse
1149 870 1269 950 verba
1277 868 1417 978 faciat,
1434 876 1502 956 etfi
1513 874 1678 991 longissi-

354 979 864 1089 maiutercapedine,facile
882 981 1068 1061 audiatur.
1106 977 1678 1100 Hujufquerei,inexspeciata

351 1084 535 1197 loquuti,
560 1098 599 1171 &
622 1095 819 1203 imparatis
837 1094 943 1173 haud
964 1093 1081 1174 dubie
1102 1096 1141 1172 in
1164 1092 1404 1205 colloquium
1434 1105 1678 1208 provocatis,

347 1199 563 1309 periculum
582 1200 752 1287 fecimus.
778 1210 887 1287 Hinc
910 1210 1054 1285 caeteris
1072 1200 1173 1284 cons
1191 1210 1297 1309 cetis,
1314 1207 1365 1285 ad
1385 1201 1519 1288 seriem
1537 1211 1676 1291 numis-

345 1335 496 1392 matum
509 1312 665 1422 cujusvis
676 1316 824 1397 metalli
834 1344 976 1430 genere
997 1317 1137 1428 copiosi
1166 1346 1283 1398 imam
1296 1324 1493 1413 vertimur.
1518 1319 1677 1435 Conspi·

347 1451 462 1503 cuum
481 1423 534 1505 ibi
554 1423 778 1510 observator
799 1428 996 1511 Pescennii
1014 1433 1131 1541 Nigri
1148 1428 1334 1511 numisma
1355 1432 1538 1513 Graecum
1557 1434 1675 1547 vulgo

344 1536 552 1632 medardo,
572 1539 646 1619 alia
666 1538 835 1651 ejusdem
857 1542 935 1623 duo
947 1540 1085 1622 mediat
1103 1538 1249 1622 formae.
1271 1544 1444 1623 Othonis
1465 1547 1604 1625 Graeca
1619 1552 1677 1626 iti-

347 1644 438 1726 dem
464 1648 601 1729 mediac
627 1650 762 1734 formae
793 1655 882 1734 du0.
924 1659 1031 1735 Inter
1052 1655 1213 1733 Graecos
1231 1684 1410 1734 nummos
1435 1658 1676 1768 antiquilhmi

346 1762 522 1840 eminent
542 1829 554 1863 ,
571 1766 766 1874 Pyxodari
794 1762 994 1878 fratrisque
1014 1766 1093 1876 ejus
1112 1760 1299 1867 Mausoli,
1320 1771 1359 1845 in
1380 1797 1545 1877 quorum
1562 1770 1678 1881 posti.

348 1874 504 1981 caJovis
517 1872 904 1960 Alabandiisecurem
920 1876 1149 1990 'gestantisfi
1179 1905 1257 1957 ura.
1280 1861 1325 1957 lii
1341 1876 1575 1961 familiarum
1596 1886 1677 1965 Ro-

351 2011 553 2065 manarum
565 1984 679 2090 serie,
700 1994 869 2070 Horatia
881 1994 1054 2069 omnium
1066 1907 1245 2070 rariliima
1260 1985 1463 2101 suspicitur.
1492 1989 1679 2075 Musaeum

354 2119 482 2177 totum
507 2096 721 2208 publicabit
741 2106 789 2183 R.
811 2106 853 2183 P.
875 2098 1281 2211 PedrozziusJefuita,
1308 2111 1347 2182 ὃ(
1374 2104 1532 2212 quidem
1552 2102 1614 2187 sex
1639 2110 1678 2186 in

352 2203 449 2285 folio
468 2215 582 2289 tomis
601 2249 609 2290 ε
628 2239 668 2292 at
686 2211 808 2324 posset
833 2213 992 2293 fortassis
1012 2223 1050 2294 &
1070 2218 1152 2291 otio
1169 2222 1208 2293 ὃ(
1228 2218 1419 2295 crumenis
1438 2217 1681 2297 eruditorum

355 2318 489 2398 melius
507 2319 672 2425 consuli,
694 2354 811 2434 quam
832 2324 1048 2437 repetendo
1062 2326 1141 2433 jam
1160 2328 1251 2405 trita
1270 2349 1331 2404 tot
1355 2328 1548 2409 conficere
1568 2329 1677 2408 volu-

355 2434 469 2510 mina.
499 2431 650 2514 Adsunt
677 2435 822 2516 ibidem
848 2433 1110 2547 inscriptiones
1127 2465 1206 2515 non
1224 2465 1355 2546 pauca
1376 2440 1524 2519 Graecae
1547 2448 1587 2521 ὃ(
1604 2443 1678 2522 La-

353 2546 466 2645 tinas,
485 2548 523 2622 in
544 2548 694 2627 Latinis
719 2544 942 2629 observatur
962 2548 1121 2659 quando
1145 2547 1277 2630 littera
1296 2579 1318 2625 u
1338 2568 1476 2630 natura
1495 2552 1678 2663 produci-

352 2677 415 2732 tur
441 2655 679 2766 duplicatam
699 2663 862 2770 exprimi
887 2691 910 2737 κ
928 2691 962 2740 a.
1006 2663 1196 2740 Litteram
1218 2687 1310 2739 vero
1331 2674 1344 2738 ι’
1364 2660 1523 2773 longam
1556 2691 1627 2775 per
1645 2677 1679 2744 ei

350 2760 511 2846 inscribi.
526 2772 569 2848 In
582 2769 767 2849 vestibulo
779 2769 951 2881 quodam
969 2770 1120 2852 exstant
1136 2770 1215 2850 duo
1227 2766 1332 2883 septa
1349 2770 1526 2854 asseribus
1535 2775 1674 2855 adino-

352 2880 398 2955 tis
427 2882 727 2991 circumquaque
748 2878 893 2985 clausa,
911 2881 977 2963 ubi
1000 2883 1155 2964 codices
1173 2881 1420 2994 manuscripti
1444 2884 1544 2968 bene
1565 2886 1679 2966 multi

352 2988 401 3066 ab
419 2990 568 3101 aliquot
587 2999 693 3073 annis
714 2994 976 3095 tumulantur,
997 3022 1068 3075 nec
1085 3023 1207 3185 parvo
1222 2994 1461 3108 rei-publicat
1480 2998 1676 3081 litteraria

352 3100 499 3180 damno
518 3104 604 3204 diu,
623 3130 665 3185 ut
683 3107 871 3202 creditur,
888 3106 1072 3214 jacebunt
1100 3105 1233 3217 epulti.

405 3218 530 3297 XVI.
557 3216 795 3298 Placentiam
815 3224 998 3329 perimus,
1015 3243 1133 3329 atque
1146 3223 1184 3297 in
1204 3216 1364 3299 ecclesia
1382 3225 1414 3301 S.
1435 3221 1545 3302 Sixsti
1559 3227 1679 3305 Bene·

351 3324 585 3405 didiirorum
610 3329 792 3439 Sepulcra
809 3330 977 3431 visimus,
1000 3322 1258 3441 Angelbergae
1281 3334 1441 3411 Reomae
1459 3342 1498 3414 ὅ(
1517 3337 1677 3448 Marga-

352 3442 432 3517 rita:
454 3440 668 3523 Alexandri
682 3440 848 3522 Farnehi
866 3445 1006 3521 matris.
1027 3445 1186 3523 XVII.
1207 3400 1482 3523 Mediolanum
1502 3448 1587 3527 itur.
1615 3453 1678 3529 ln.

354 3550 493 3660 deque.
515 3557 552 3632 X
565 3557 604 3632 X
618 3556 644 3632 l.
668 3552 876 3634 Vercellas.
905 3558 950 3633 ln
970 3549 1195 3632 nosocomio
1213 3552 1315 3633 urbis
1334 3551 1493 3638 sublime
1511 3559 1678 3668 positum

353 3663 507 3743 videtur
533 3692 671 3778 corpus
691 3664 857 3745 Andreae
878 3663 1018 3749 Vallac
1037 3669 1229 3778 perrenni
1246 3671 1466 3780 Romipetae
1495 3670 1679 3783 Andega.

355 3774 495 3876 vensis,
512 3780 576 3885 qui
594 3804 696 3854 anno
714 3784 815 3880 1685.
836 3774 1031 3858 confedus
1047 3808 1134 3857 mor
1164 3808 1188 3857 o
1206 3788 1245 3859 dc
1262 3786 1385 3860 macie
1410 3779 1516 3860 obiit.
1549 3784 1679 3864 Cada-

357 3912 424 3964 ver
434 3891 709 3997 peregrinantis
725 3887 1137 4002 vestituincorruptum
1148 3899 1188 3970 ὅ(
1203 3895 1397 4003 integrum
1409 3892 1484 3993 est,
1505 3917 1548 3972 ut
1561 3900 1681 3976 etiam

357 3997 476 4075 vividi
494 3996 631 4079 coloris
652 3999 851 4110 quidpiam
868 4006 905 4081 in
919 4007 1024 4112 genis
1044 3997 1277 4082 remanserit.
1303 4007 1347 4081 ln
1366 4002 1533 4083 Eccleha
1553 4010 1586 4084 S.
1607 4011 1678 4088 Vi·-

355 4112 467 4187 doris
489 4110 778 4190 Canonicorum
796 4113 1050 4224 Regularium
1069 4112 1214 4195 Altaris
1228 4112 1323 4224 lapis
1340 4123 1676 4199 marmoreusofio

356 4219 500 4329 pedum
518 4218 781 4331 longitudine,
802 4223 935 4306 colore
957 4226 1008 4305 ad
1037 4226 1306 4339 porphyritem
1333 4225 1570 4329 accedente,
1599 4261 1681 4339 quo

356 4328 496 4411 fretum
518 4356 560 4411 ut
578 4332 850 4414 Villamontius
869 4336 1032 4438 nostras,
1047 4344 1223 4418 vertente
1244 4334 1525 4418 decimo-sexto
1543 4336 1682 4421 sae'culo

355 4444 396 4521 iis
412 4447 449 4520 in
470 4444 641 4553 partibus
659 4450 953 4557 peregrinatur,
979 4449 1299 4558 porphyreticum
1320 4447 1509 4530 habuerit.
1550 4452 1679 4534 Eccle-

356 4552 445 4634 bam
474 4556 564 4637 inde
586 4557 866 4637 Cathedralem
886 4558 1072 4661 adiimus,
1100 4565 1140 4638 in
1167 4560 1271 4667 cujus
1298 4554 1461 4639 sacrario
1491 4564 1680 4676 Reliquit

355 4664 541 4776 insignes:
559 4672 597 4747 in
622 4674 663 4747 iis
690 4699 774 4748 crus
800 4671 976 4750 Danielis
1001 4671 1229 4783 prophetae,
1262 4671 1462 4752 brachium
1486 4678 1518 4753 S.
1540 4676 1681 4785 Jacobi

354 4779 508 4883 rumoris
526 4787 565 4863 dc
585 4779 659 4862 alia
674 4781 713 4861 id
733 4810 862 4895 genus.
896 4783 1388 4867 Codicemvetustillimum
1405 4784 1553 4869 ibidem
1562 4784 1684 4902 inspe.
