4414 5692
903 407 1030 521 Caput
1049 390 1286 519 vigefimum
1308 384 1508 519 primunt
1825 434 1892 517 3¹7

624 524 695 605 Me
716 516 802 603 sane
820 517 926 633 fugit*
940 547 1016 631 qua
1035 523 1185 601 ratione
1202 516 1243 598 id
1261 516 1315 600 de
1331 513 1496 599 Vesuvio
1516 538 1652 601 monte
1671 519 1816 602 dissum
1828 550 1893 602 au.

571 654 755 734 tument,
782 661 870 712 eum
898 652 1078 710 accurate
1112 628 1198 707 situs
1215 632 1412 740 voraginis·
1423 628 1661 738 exprimatur
1680 697 1691 732 ,
1713 636 1894 713 nimirum

571 741 815 847 Parthenopen
830 756 919 820 inter
932 801 945 836 ‚
962 738 1003 819 id
1024 737 1091 840 est,
1107 742 1149 819 N
1153 736 1319 850 eapolin,
1329 768 1531 848 magnaque
1540 740 1776 821 Dicarchidos
1783 768 1892 823 arnas

571 851 781 955 videlicet,
802 849 1015 932 Puteolana
1034 877 1126 929 arva
1146 886 1154 928 ε
1176 877 1271 928 nam
1284 846 1453 958 Puteolis
1468 848 1698 930 Dicearchis
1717 851 1812 932 olim
1823 882 1893 930 no.

573 989 664 1043 men
694 959 767 1043 fuit
787 998 802 1043 ε,
825 961 951 1071 sicque
969 959 1071 1040 clare
1091 968 1130 1040 bt
1151 959 1226 1039 sine
1251 956 1414 1068 ambage
1436 951 1679 1068 sulphurariae
1701 960 1809 1041 locus
1827 991 1893 1044 ex.

572 1077 761 1186 primitur.
803 1077 902 1184 Qtae
930 1067 1122 1183 supersunt
1153 1068 1323 1149 Puteolis
1353 1065 1520 1146 confinia
1538 1069 1678 1150 rudera
1698 1138 1708 1173 ,
1728 1099 1895 1184 arguunt

575 1182 661 1265 sane
680 1185 762 1292 jure
783 1210 964 1295 magnam
983 1179 1287 1261 Dieearcliidem
1305 1202 1485 1260 vocatam
1506 1213 1521 1259 :st
1534 1205 1630 1257 nam
1645 1181 1723 1261 lata
1741 1188 1780 1261 in
1799 1212 1902 1295 agro·

576 1292 793 1376 Puteolano
814 1294 992 1375 detinent
1008 1289 1134 1402 spatia.

583 1450 586 1455 ⁴
625 1409 775 1508 Erant,
799 1434 888 1484 cum
908 1432 978 1482 nos
994 1400 1165 1513 Neapoli
1182 1428 1403 1513 ageremus,
1422 1400 1494 1509 qui
1506 1398 1554 1479 de
1573 1398 1898 1483 ducendoamari

575 1514 626 1595 ad
646 1517 850 1596 Avernum
868 1514 1000 1593 lacum.
1015 1512 1144 1592 canali·
1166 1518 1403 1612 trusionem,
1433 1508 1541 1619 quod
1564 1508 1657 1590 olim
1679 1512 1891 1625 Augustum

573 1622 736 1708 effecisse
755 1626 875 1705 tradit
892 1628 1100 1708 Suetonius,
1126 1634 1274 1706 Portum
1293 1623 1452 1727 Julrum,
1470 1623 1618 1729 inquit,
1636 1625 1733 1728 apud
1751 1637 1902 1720 Baras,

572 1737 722 1845 immffo
735 1750 775 1816 in
790 1750 978 1818 Lucrinum
997 1736 1042 1829 (s
1058 1744 1249 1817 Avernum
1266 1733 1380 1812 &cnm
1402 1743 1523 1825 marr,
1548 1736 1670 1837 effecit¹
1698 1736 1753 1812 At
1763 1732 1893 1813 sortas-

573 1846 619 1927 fis
636 1849 714 1957 jam
732 1872 881 1926 mutata
898 1844 995 1926 faeie
1011 1842 1099 1947 soli,
1114 1854 1153 1925 bt
1171 1848 1338 1925 Lucrino
1356 1842 1442 1920 lacu
1459 1845 1661 1951 eruptione
1676 1866 1787 1927 terre
1804 1844 1894 1957 lapi.

575 1957 747 2069 dumque
766 1962 913 2069 ingenti
932 1956 1099 2036 arefasto
1120 2022 1132 2057 ‚
1154 1957 1315 2065 majoris.
1325 1954 1449 2063 operis
1470 1960 1509 2031 ὃ(
1535 1952 1681 2030 consilii
1699 1981 1757 2035 res
1776 1955 1893 2037 esset:

574 2097 666 2149 cum
688 2073 854 2149 maxime
875 2071 1059 2146 Baianum
1078 2065 1190 2144 littus
1201 2064 1251 2144 ad
1271 2063 1444 2144 multum
1457 2057 1563 2174 spatii
1579 2088 1624 2141 ea
1639 2067 1678 2142 in
1698 2091 1806 2176 parte
1827 2096 1891 2145 va-

576 2176 711 2259 dosum
729 2245 740 2281 ,
760 2203 803 2258 ut
820 2174 977 2288 quidem
995 2183 1102 2255 aiunt
1119 2242 1130 2278 ,
1148 2178 1341 2257 onerarias
1364 2200 1480 2253 naves
1500 2200 1579 2250 non
1598 2172 1707 2254 ferat.
1734 2179 1852 2258 Certe
1868 2176 1894 2257 si

575 2287 696 2403 posset
720 2295 759 2369 in
779 2294 980 2369 Avernum·
997 2286 1122 2365 laeum
1141 2312 1251 2397 aptus
1270 2288 1430 2365 nauticis
1447 2278 1733 2394 profundusque
1754 2286 1893 2366 canalis

575 2400 740 2504 deduci,
759 2398 890 2481 nullus
901 2403 949 2477 in·
961 2398 1254 2481 Mediterraneo
1272 2419 1407 2508 portus
1425 2417 1491 2473 aut
1501 2396 1620 2474 tutior
1630 2421 1717 2499 ²aut
1730 2398 1895 2513 amplior

573 2510 695 2593 floret„

630 2626 816 2705 Lucrinus
833 2622 937 2702 satus
957 2621 1049 2701 olim
1073 2621 1291 2733 peramplus
1314 2627 1353 2699 ὅ(
1369 2615 1649 2727 toneliiliorum
1667 2614 1797 2730 sapore
1818 2617 1899 2698 cla-

575 2763 667 2836 rus,
687 2737 773 2845 jam.
783 2761 882 2844 pene
902 2733 1111 2815 exsiccatus
1129 2742 1168 2813 ὅ(
1188 2728 1272 2810 casu
1293 2728 1395 2810 terrl
1412 2727 1589 2838 oppletus
1605 2726 1668 2807 est.
1706 2728 1782 2810 sitsl
1804 2756 1899 2808 vero

575 2869 672 2924 nota
688 2873 747 2926 res
761 2844 816 2925 est
835 2871 910 2955 qua
929 2844 1087 2923 demum
1107 2846 1258 2922 ratione
1272 2842 1313 2920 id
1328 2838 1441 2952 prodi
1470 2842 1684 2919 iievenerit
1704 2874 1719 2917 ε·
1738 2838 1899 2919 oculatis

574 2955 730 3037 testibus
749 2981 938 3035 eventum·
957 2950 1139 3065 rescripto
1160 2953 1253 3031 dato
1274 2868 1554 3053 narraratibtss·3
1583 2952 1672 3059 quia
1688 2972 1824 3027 tamen·
1839 2978 1901 3030 res

574 3090 686 3146 tanta
709 3066 846 3146 Italico
874 3065 1093 3175 eodemque
1120 3059 1354 3142 subbarbaro
1382 3060 1566 3139 idiomate
1595 3056 1790 3170 publicata
1810 3058 1867 3139 est'
1884 3107 1902 3163 5·

573 3181 692 3256 animi
714 3173 821 3256 causa
840 3180 976 3257 Latine
992 3176 1084 3256 dare
1102 3171 1220 3256 visum
1241 3241 1252 3277 ,
1272 3171 1379 3285 quod
1401 3170 1502 3252 adeo
1521 3168 1750 3285 stupendum
1771 3165 1903 3252 casum·

572 3283 746 3403 nuspiam
763 3316 825 3370 me
845 3284 971 3399 legisse
995 3290 1249 3368 meminerim.

774 3410 851 3482 Die
866 3434 919 3506 χο.
938 3400 1056 3508 mensis
1073 3399 1167 3502 Julii
1185 3431 1205 3478 r
1208 3404 1265 3503 prs
1267 3429 1311 3504 7.
1331 3394 1500 3477 Puteolis.

628 3511 855 3621 Magnificus
873 3520 1050 3592 Dominus
1070 3517 1248 3591 Antonius
1263 3504 1388 3611 Rnffus
1404 3506 1446 3584 da
1457 3502 1636 3599 Puteolis,
1652 3514 1772 3581 etatis
1790 3531 1905 3580 narro-v

576 3652 652 3704 rum
671 3618 876 3731 ossurrginta
886 3682 897 3717 ,
918 3618 964 3711 <sp
981 3619 1061 3723 plns
1078 3631 1114 3697 in
1133 3632 1243 3711 circa,
1261 3614 1547 3725 testisstrmmarr'd
1556 3612 1895 3713 prodrrssuwme„

578 3733 635 3813 dio
651 3731 711 3835 fita
722 3738 919 3835 juramenta
938 3742 1195 3837 interrogatus,
1218 3727 1264 3820 (lv
1289 3738 1533 3834 examinatus,
1550 3748 1634 3825 asper
1648 3748 1758 3801 tenore
1770 3754 1898 3799 memo-

577 3837 683 3923 rialis
700 3842 894 3952 magnificae
911 3840 1170 3939 Univerpsran's
1188 3836 1412 3927 Puteolana,
1431 3832 1525 3911 dicit.
1541 3837 1638 3912 Hac
1654 3834 1791 3911 Latine
1801 3862 1895 3942 pnt-

579 3957 815 4055 mittuntur·,
838 3947 1033 4064 sequentia
1047 3940 1262 4028 'vernaculo
1287 3946 1471 4024 idiomate
1491 3938 1629 4055 scripta
1643 3970 1691 4043 ,a
1708 3972 1769 4023 me
1782 3947 1905 4022 Latio

580 4063 673 4144 data
685 4060 781 4147 sint

631 4172 846 4257 Meminisse
866 4172 900 4256 se
921 4203 943 4253 a
963 4200 1081 4283 puero
1101 4170 1153 4248 ad
1175 4166 1310 4246 festum
1329 4168 1362 4245 8.
1384 4165 1539 4275 Spiritds
1559 4171 1598 4246 in
1612 4166 1798 4277 oppidum
1811 4166 1897 4243 Tri-

579 4313 649 4399 per
678 4284 780 4365 olam
801 4286 871 4365 ubi
886 4282 1044 4365 ecclesa
1059 4281 1194 4360 eidem«
1206 4273 1519 4377 sacrataaderat,
1536 4275 1760 4387 frequenter
1778 4278 1896 4354 venti

581 4422 621 4478 ta
652 4399 810 4498 e,&·in
828 4395 1059 4478 celebritatis
1079 4392 1239 4501 gratiam
1258 4385 1333 4464 loci
1351 4384 1545 4495 praseclos
1565 4384 1752 4466 consuesse
1773 4376 1898 4464 cerasa

581 4507 722 4590 eodem
750 4503 1029 4586 confluentibus
1055 4494 1262 4609 quibusque
1283 4492 1424 4575 offerre
1448 4543 1456 4596 3
1481 4490 1899 4606 leriasquelmjusmodi

577 4614 685 4701 fuisse
705 4616 803 4695 ludis
822 4609 1068 4726 tripudiisque
1086 4610 1357 4720 frequentatas.
1386 4611 1505 4685 Situm
1525 4605 1786 4687 nosocomium
1800 4603 1899 4684 sevi.

583 4726 673 4810 disse
697 4732 737 4810 in
765 4726 948 4837 partibus
964 4719 1137 4833 oppiduli
1163 4714 1436 4801 demissioribus
1462 4782 1472 4819 ,
1503 4716 1655 4799 balneis*
1677 4715 1902 4795 salubritatis

1650 4832 1719 4908 Rr
1746 4830 1782 4933 iij
