4180 5684
5 607 14 639 ‚
28 558 130 653 stipor,

4 658 71 739 tulta
89 660 129 738 alu

14 780 127 889 Sputum,

1 1002 83 1085 ‘ttual
103 1029 124 1076 u.

2 1149 42 1198 ΗΧ
49 1145 120 1231 Ρ(]Ρ[Ι’

8 1374 62 1426 utu
77 1336 118 1420 su-

1 1533 2 1539 ,
15 1479 118 1564 cturquc

1 1601 72 1658 *rtem
85 1595 114 1646 lll‘

0 2031 1 2051 ¹
10 2004 49 2136 pi
60 1992 110 2125 erpi

882 491 1007 604 Caput
1026 475 1261 607 vigastrntun
1281 477 1487 569 offanum:
1771 537 1800 614 4
1806 538 1842 614 51

526 602 630 689 suilli*
649 673 660 707 ,
682 632 729 688 ex
748 604 876 704 liguris
895 605 1042 686 dualms
1060 608 1109 685 ad
1130 604 1355 686 umbilicum
1374 674 1385 711 ,
1411 608 1540 691 media
1557 610 1607 692 sui
1623 641 1732 726 parte
1749 646 1839 731 pro.

527 699 787 814 tumentibus-J
798 721 941 797 eruitur
961 754 969 795 :
989 718 1063 795 alia
1083 716 1266 828 paludato
1276 718 1351 819 est,
1368 718 1443 799 alia
1460 748 1553 802 vero
1571 740 1753 836 togata&
1767 757 1842 813 tra-

525 826 666 928 beata3
694 827 938 936 arbitrorque
968 826 1063 905 binis
1088 827 1261 906 iconibus
1285 859 1404 913 unum
1430 833 1691 945 eumdemque
1715 846 1840 925 virum

524 941 712 1046 exprimi,
733 964 774 1016 re
799 937 952 1016 militari
967 939 1129 1049 perinde
1152 965 1269 1048 atque
1290 941 1391 1021 civili
1410 944 1618 1055 insignem,
1646 955 1712 1058 qui
1733 954 1840 1032 Con-

522 1043 632 1146 sulis,
657 1047 827 1128 Praer‘cui
847 1047 969 1143 urbis,
991 1050 1198 1160 similiaque
1222 1048 1349 1130 officia
1373 1053 1512 1135 obierit
1538 1093 1547 1137 ε
1572 1062 1679 1169 quud
1706 1066 1840 1173 utique

524 1155 585 1234 rel
606 1150 682 1268 ipsa
698 1157 782 1239 tela
802 1160 1069 1271 magnitudine
1094 1165 1299 1272 arguitur,
1324 1190 1408 1272 quae
1432 1165 1582 1247 duobus
1611 1175 1841 1281 recipiendis

524 1266 773 1348 cadaveribus
790 1298 860 1381 par
879 1300 959 1350 non
972 1270 1105 1351 estzad
1127 1272 1209 1350 lratc
1227 1299 1319 1352 vero
1338 1281 1510 1356 cranium
1527 1284 1681 1359 unicum
1693 1281 1839 1368 ibidem

521 1404 737 1487 repertum3
760 1386 849 1501 quia
865 1381 1047 1462 videlicet
1065 1386 1175 1460 unius
1194 1378 1407 1494 sepulcrum
1425 1412 1516 1468 erat.
1552 1394 1597 1469 In
1620 1393 1750 1471 medio
1776 1426 1839 1474 ur-

519 1516 577 1567 nae
596 1491 742 1599 quadra
762 1489 974 1603 superficies
992 1488 1243 1604 insculpendo
1273 1494 1470 1606 epitaphio
1493 1506 1751 1605 concinnata,
1772 1536 1837 1585 va-

521 1626 622 1699 cua,
647 1597 872 1712 nescioquo
900 1599 1005 1705 casu,
1025 1603 1156 1685 relide
1182 1602 1236 1684 est
1256 1640 1264 1683 ε
1284 1632 1357 1685 nec
1385 1634 1521 1716 panim
1548 1611 1638 1691 inde
1665 1611 1841 1695 litteratis

520 1708 818 1813 detrimentum3
839 1717 1016 1821 ignotum
1033 1718 1135 1795 enim
1153 1742 1319 1812 nomen,
1344 1719 1480 1828 ignota
1506 1722 1680 1800 conditio
1705 1721 1840 1836 sepulti

518 1822 588 1896 riri
612 1848 755 1901 manet.
792 1803 960 1902 AEllr'mo
987 1824 1072 1935 post
1096 1821 1271 1905 seculum
1293 1826 1655 1911 Constantinianum
1674 1835 1843 1916 adorna-

517 1956 600 2008 tum
622 1934 815 2013 tumulum
835 1931 961 2037 t'uille3
981 1940 1100 2014 aetatis
1116 1940 1256 2047 quippe
1268 1936 1411 2016 indicio
1431 1935 1515 2020 sunt
1536 1966 1636 2053 toga
1651 1950 1745 2024 ritus
1763 1972 1840 2026 tra-

516 2036 666 2150 beaque
679 2040 907 2144 transversim
927 2074 1005 2123 non
1018 2045 1101 2126 leve
1114 2052 1207 2127 item
1225 2074 1496 2157 argumentum
1515 2059 1841 2169 eruiturexoper.

516 2149 605 2227 culo
623 2151 751 2230 nutris
767 2154 925 2256 onusto,
938 2152 1079 2267 lapsam
1098 2152 1343 2267 sculptoriam
1361 2185 1483 2240 artem
1496 2164 1762 2247 indicantibus.
1785 2168 1842 2246 Ibi

513 2265 616 2368 genii
632 2222 725 2339 aiati
741 2257 874 2374 sctrlpti
892 2271 997 2343 vario
1017 2267 1086 2345 srtu
1105 2293 1221 2376 atque
1233 2265 1381 2369 formi3
1398 2271 1490 2349 alius
1510 2273 1632 2383 lyram
1645 2270 1704 2355 seu
1716 2276 1840 2357 citha-

513 2398 598 2450 ram
617 2399 734 2451 manu
763 2397 892 2473 tenet,
911 2374 1005 2453 alius
1032 2376 1169 2456 inlidet
1192 2403 1295 2479 ara,
1320 2378 1383 2457 alii
1410 2408 1537 2460 ramos
1555 2393 1593 2463 ἃ
1619 2380 1734 2466 fasces
1758 2416 1840 2466 ma.

511 2479 623 2560 nibus
640 2482 798 2593 gestant.
837 2489 938 2565 Hae
959 2492 1121 2598 carptim
1148 2483 1372 2589 observata,
1409 2518 1489 2569 non
1508 2491 1616 2571 licuit
1642 2500 1744 2575 enim
1770 2526 1839 2608 per

513 2615 664 2702 tempus
691 2621 774 2674 rem
803 2597 1018 2676 accuratius
1043 2596 1258 2708 explorare.
1302 2600 1410 2678 Urna
1445 2627 1493 2681 ex
1519 2602 1609 2681 albo
1640 2633 1835 2689 marmore

512 2702 648 2811 palmis
666 2733 807 2785 norem
830 2706 967 2818 longa,
988 2706 1107 2786 tribus
1132 2737 1219 2787 cum
1240 2707 1401 2819 dimidio
1430 2708 1508 2791 lata
1532 2711 1596 2794 est.
1635 2719 1680 2794 In
1706 2723 1834 2798 antica

513 2809 610 2894 sarie
631 2812 767 2893 striata
788 2844 833 2894 ac
850 2811 1001 2895 i‘muorlr
1022 2816 1130 2897 lineae
1148 2814 1301 2929 sculpta·
1321 2822 1413 2899 lunt.
1444 2825 1486 2901 N
1490 2828 1831 2931 ecomittendum,

512 2925 593 3030 igni
614 2923 797 3003 traditam
812 2924 964 3026 telam,
982 2924 1216 3037 flammisque
1235 2926 1435 3010 immissam
1454 2998 1465 3031 ,
1485 2933 1561 3012 diu
1586 2936 1831 3052 multumque

511 3027 662 3111 illalam
684 3033 872 3134 mamille,
890 3040 1149 3146 intactamque
1167 3064 1317 3117 erutam
1334 3034 1447 3120 suille.

565 3146 621 3223 En
634 3142 931 3243 tibi‚Carissime
944 3148 1161 3248 Bernarde,
1185 3147 1417 3257 postremam
1436 3148 1590 3233 fortasse
1604 3162 1828 3266 antiquariae

509 3258 565 3333 tei
584 3280 606 3333 a
624 3281 687 3334 me
705 3255 838 3335 datam
848 3282 1031 3368 operarns
1052 3256 1230 3337 namalib
1247 3286 1310 3339 me
1329 3286 1445 3339 vocat
1464 3266 1731 3345 concreditum
1745 3299 1828 3348 mu.

508 3392 600 3465 nus,
620 3364 671 3442 ad
693 3365 767 3444 alia
787 3394 848 3447 me
878 3366 1001 3446 studia
1048 3393 1208 3447 rovocat
1227 3367 1424 3479 pastoralis
1443 3373 1559 3455 officii
1582 3376 1724 3455 tradita
1743 3407 1830 3489 pro-

508 3478 644 3553 vincia.
675 3478 774 3555 Hac
791 3477 883 3557 verb
904 3396 1154 3557 tumuliuaria
1171 3475 1293 3558 solum
1313 3510 1430 3593 opere
1447 3483 1660 3594 prosedum
1675 3494 1828 3598 paranti

508 3581 723 3666 describere
743 3585 891 3667 licitum
912 3586 993 3667 strit.

551 3698 641 3804 Jam
660 3693 856 3776 insudatur
881 3699 1112 3778 evacuanda
1141 3698 1308 3781 ecclelia:
1325 3707 1363 3781 in
1384 3700 1470 3783 foro
1497 3709 1680 3786 Romano
1704 3736 1826 3818 prope

507 3807 541 3883 S.
554 3810 721 3884 Mariam
735 3807 1011 3887 Liberatricem
1026 3809 1184 3889 detetlae
1196 3848 1204 3889 ε
1216 3839 1363 3891 certum
1374 3813 1428 3893 est
1443 3813 1495 3891 ibi
1509 3816 1617 3894 Pauli
1628 3819 1827 3927 primieffi-

505 3919 608 4024 giem
625 3914 760 3996 baberi
780 3918 970 4028 depiciam
992 3965 1002 4020 5
1023 3919 1240 4000 nullatenus
1259 3926 1362 4002 enim
1383 3923 1432 4000 ad
1454 3925 1614 4004 Paulum
1636 3932 1692 4007 ΙΙ.
1710 3933 1826 4039 perti-

506 4052 597 4105 nere
616 4026 753 4135 potest.
791 4026 941 4108 Ibidem
967 4029 1048 4108 lraec
1079 4029 1260 4140 leguntur
1278 4068 1286 4110 :
1302 4034 1541 4120 Sanr'lrfflmus
1560 4037 1702 4119 Paulus
1729 4050 1822 4121 ΡΙ).

504 4146 709 4213 Ronanus:
728 4166 810 4246 qua
838 4135 914 4247 ipso
941 4144 1095 4219 vivente
1122 4140 1310 4223 Pontifice
1335 4141 1477 4223 factum
1499 4172 1593 4255 opus
1610 4145 1825 4249 denotant,

504 4246 612 4351 quod
629 4247 763 4327 itidem
779 4249 908 4360 palam
926 4248 1043 4329 estex
1061 4249 1182 4329 limbo
1194 4251 1344 4359 quadro
1362 4254 1412 4331 ad
1433 4278 1548 4364 caput
1562 4257 1641 4361 ejus
1652 4256 1822 4365 depirsto,

503 4377 546 4431 ut
565 4382 613 4433 ex
625 4358 777 4464 Joanne
799 4361 981 4439 Diacono
999 4363 1038 4437 in
1058 4365 1136 4439 vita
1154 4364 1187 4442 S.
1207 4362 1546 4474 Gregorii,exque
1565 4365 1645 4443 aliis
1662 4362 1819 4477 scripto.

502 4462 604 4543 ribus
626 4464 942 4575 deprehenditur.
978 4473 1123 4579 Neque
1147 4495 1279 4552 tamen
1306 4470 1543 4585 perspicuum
1562 4473 1617 4555 est
1640 4477 1820 4556 eamdem

502 4570 574 4654 else
590 4573 812 4679 ecclesiam,
833 4608 949 4689 quam
969 4606 993 4658 a
1010 4581 1131 4660 Paulo
1152 4586 1277 4692 primo
1298 4583 1615 4665 recensstruoam
1627 4612 1820 4665 memorat

501 4683 716 4765 Anastasius
733 4723 742 4766 ι
760 4688 872 4799 plura
891 4686 1087 4772 recensere
1113 4720 1194 4772 non
1219 4690 1387 4803 possum,
1407 4720 1533 4803 neque
1557 4694 1723 4803 depielas
1749 4695 1817 4774 ibi-

502 4792 591 4874 dem
612 4794 751 4876 multas
779 4804 964 4914 imagines
988 4828 1297 4889 conunemorate
1318 4839 1327 4884 t
1351 4831 1441 4885 nam
1467 4808 1677 4882 maturanti
1695 4804 1819 4916 profe·

1522 4912 1605 4995 ru
1632 4916 1658 5021 rj
