4264 5684
983 510 1114 640 Caput
1126 502 1296 642 stolium.
1738 547 1795 626 79

534 645 756 726 HaeeMaria
767 637 1069 752 Augustaendem
1085 628 1444 739 videturfuissequae
1455 627 1558 741 hipra
1575 662 1613 744 p.
1626 667 1681 742 54„
1698 666 1788 727 uxor

483 750 623 834 scilicet
642 753 848 858 Nicephoti
863 748 1069 828 Botoniatae
1090 746 1340 854 imperatoris.
1370 739 1445 824 Ubi
1464 740 1690 847 notandum,
1707 749 1786 834 llaee

482 867 648 940 carmina
669 866 708 939 in
726 864 800 937 alio
820 855 950 935 codice
970 853 1206 934 bibliotheca
1222 857 1394 938 Cesarea
1418 856 1617 933 memorati
1636 852 1657 933 *a
1676 861 1786 939 Petro

484 973 689 1049 Lambecio
709 971 772 1047 lib.
789 997 818 1070 5.
837 995 872 1072 p.
881 993 944 1070 47.
972 970 1097 1078 Qtte
1118 965 1196 1041 lraec
1216 968 1327 1044 attaris
1347 985 1456 1061 nota,
1476 988 1562 1040 cum
1583 964 1630 1042 ab
1648 966 1727 1046 aliis
1746 972 1783 1048 in

482 1081 573 1156 alios
593 1078 740 1156 codices
760 1072 1010 1171 transmearit,
1033 1100 1111 1149 non
1133 1073 1231 1147 valet
1251 1071 1299 1150 ad
1322 1065 1548 1151 asserendum
1570 1092 1718 1182 tempus
1740 1105 1782 1156 ac

482 1188 677 1282 iaculum,
702 1213 777 1290 qno
797 1181 888 1260 liber
904 1205 1067 1260 exararus
1085 1179 1150 1257 est.
1182 1178 1291 1257 Secus
1308 1177 1355 1257 de
1371 1180 1443 1259 alio
1464 1183 1616 1284 jamjam
1635 1209 1780 1265 merno-

480 1317 564 1371 tato
581 1293 734 1390 codice,
748 1293 812 1370 ubi
833 1314 917 1368 artas
936 1287 1242 1391 manuscripti,ex
1258 1289 1461 1370 charailere
1481 1291 1699 1395 conspicua,
1717 1321 1780 1397 ap-

480 1403 597 1506 prime
624 1401 801 1479 consonat
828 1423 915 1473 tum
932 1423 1023 1473 nota
1042 1396 1160 1472 Basilii
1190 1405 1227 1472 δι
1247 1395 1480 1476 Constantini
1496 1395 1778 1506 Imperatorum,

481 1518 547 1613 qui
569 1537 608 1587 x.
634 1506 904 1588 exx1.saetulo
927 1503 988 1583 diu
1007 1525 1217 1610 regnavere.

533 1615 841 1724 Typogtaplrium
860 1609 994 1691 deinde
1008 1608 1323 1691 Cntd.Barbadici
1343 1623 1384 1694 ni
1396 1614 1597 1707 nomino
1614 1611 1780 1709 adimus,

477 1723 544 1800 ubi
560 1727 782 1802 clrarueicres
800 1721 922 1800 omnis
937 1721 1097 1829 generis,
1117 1719 1257 1816 Gracci,
1273 1721 1419 1818 latini,
1441 1722 1635 1811 Hebta'itl,
1646 1726 1780 1802 Arabi·

479 1836 540 1928 ci,
556 1832 794 1925 Armeniaci,
810 1840 882 1908 &o
910 1830 1057 1934 peculio
1083 1823 1242 1929 ejusdem
1260 1823 1378 1904 felicis
1396 1831 1586 1907 memoriae
1605 1832 1670 1907 viri
1692 1859 1781 1906 con-

477 1935 575 2016 fct'li.
602 1944 635 2017 ls
650 1967 722 2045 quo
739 1937 914 2044 flagrabat
933 1940 984 2013 rei
999 1937 1179 2013 litteratiae
1198 1935 1393 2039 praesertim
1408 1936 1664 2015 Ecclefiastiear
1677 1967 1783 2014 ame·

479 2072 539 2140 re,
558 2045 603 2121 ad
621 2073 701 2121 enm
722 2043 1016 2149 promovendam
1037 2046 1127 2120 nihil
1147 2069 1323 2146 umquam
1343 2045 1543 2121 intermifit.
1575 2044 1647 2123 Sub
1660 2051 1780 2153 proelo

479 2177 567 2229 tunc
587 2152 955 2229 sudabatAlcoranus
969 2150 1172 2245 Maraccii‚
1195 2152 1259 2253 qui
1275 2150 1349 2249 jam
1372 2150 1514 2254 prostat.

534 2260 748 2366 Sepulcrum
762 2260 960 2335 Antenoris
978 2260 1013 2334 in
1034 2260 1119 2334 vico
1140 2256 1176 2333 S.
1189 2251 1441 2333 Laurentiiad
1457 2260 1594 2337 ostium
1614 2261 1685 2339 ΡΙ).
1702 2259 1782 2335 Ser-

478 2392 610 2442 vorum
632 2366 790 2443 sublime
814 2364 969 2442 visimus.
1011 2367 1074 2443 De
1095 2364 1273 2472 epitaphii
1304 2366 1460 2442 lectione
1488 2368 1581 2446 nihil
1608 2367 1711 2445 dubii
1729 2395 1784 2444 te-

479 2467 642 2571 srduutn,
664 2502 748 2551 nam
767 2475 813 2551 src
831 2476 986 2581 legitur:

574 2597 615 2661 C.
640 2585 783 2660 lnrlirns
800 2597 956 2659 Antenor
966 2584 1122 2690 patriani
1145 2609 1221 2659 vox
1241 2579 1315 2686 nisti
1338 2588 1486 2688 quietem

640 2700 675 2763 Τ
669 2691 825 2792 nanstolir
845 2687 912 2763 hur
928 2702 1072 2764 Enerrtm
1087 2688 1389 2791 Dardanidnmque
1404 2691 1512 2798 fugas

640 2800 785 2904 Expulit
806 2809 1003 2902 Euganeos,
1021 2802 1232 2871 rotomnam
1250 2797 1553 2887 condiditurbem,

575 2921 578 2924 ’
639 2915 763 3012 Qum
780 2925 871 2977 tenet
890 2904 946 2976 iric
966 2901 1093 2975 hrtnnili
1112 2930 1274 2977 marmore
1293 2903 1366 3008 cesa
1386 2903 1514 2980 domus.

532 3006 644 3086 Primi
662 3006 783 3085 vetlirs
803 3007 976 3083 sententia
999 3001 1127 3082 frustra
1143 3033 1339 3112 queratur.
1367 3012 1409 3085 ln
1426 3010 1557 3088 codice
1580 3039 1661 3114 300.
1675 3014 1783 3089 circi·

465 3139 533 3204 ‚tet
548 3142 725 3193 annorum
748 3116 970 3191 D.Comari
994 3113 1159 3216 Biscopia
1180 3118 1278 3222 legi,
1299 3112 1428 3217 jull'um
1446 3114 1550 3195 fuiss'e
1571 3119 1783 3225 inscriptio·

476 3248 561 3299 nem
582 3220 816 3329 sequentibus
835 3220 951 3295 verbis
974 3223 1133 3323 apponi,

639 3333 789 3434 Inclyrns
806 3338 1111 3435 Arrrenorpntrionr
1130 3334 1200 3406 vix
1216 3327 1293 3431 viſst
1315 3338 1463 3436 quietem

642 3436 824 3535 Transtulit
840 3431 904 3506 loric
926 3448 1089 3507 [initium
1110 3438 1198 3534 (stc)
1220 3439 1523 3543 Dardanidomqne
1532 3438 1639 3546 firges

638 3544 788 3649 Expulit
802 3552 992 3641 Euganeos,
1012 3540 1084 3624 ἀί.

534 3647 594 3742 Si,
616 3656 684 3723 vix
701 3647 800 3748 viſse,
818 3671 885 3746 pro
911 3653 980 3721 vix
1003 3646 1138 3747 niſsam,
1160 3649 1388 3750 accipiatur,
1407 3645 1584 3727 sententia
1606 3654 1772 3758 quadrat.

479 3755 540 3832 etsr
559 3756 710 3830 minime
727 3776 887 3856 congrua
899 3752 951 3827 sir.
981 3753 1093 3829 Aliud
1115 3756 1341 3860 epitaphium
1356 3757 1455 3861 quod
1470 3758 1622 3863 quidam
1643 3761 1775 3838 coelen.

480 3863 518 3939 in
538 3866 680 3941 tumulo
699 3858 876 3964 scalptum
896 3886 1060 3956 narrant,
1080 3861 1218 3938 scilicet
1230 3926 1241 3960 ,

642 3977 812 4077 Hicjncet
834 3983 983 4041 Antenor
1002 3969 1165 4046 Podonnae
1183 3972 1334 4050 conditor
1348 3970 1461 4061 urbis,

640 4081 796 4153 Proditor
818 4072 883 4183 ipse
894 4073 982 4179 fuir,
996 4074 1298 4183 biqoesequnntur
1311 4108 1386 4156 enni
1396 4111 1410 4161 ‚·

480 4209 557 4260 non
575 4180 840 4276 animadverti,
862 4182 930 4256 srve
948 4181 1086 4255 erasum
1108 4180 1220 4260 fucrit
1246 4183 1266 4259 ὲ
1290 4188 1496 4283 Patavinis,
1515 4189 1617 4291 quod
1636 4195 1712 4292 jure
1732 4222 1776 4271 at

480 4291 611 4365 merito
625 4288 759 4367 factum
774 4286 859 4364 esser
874 4327 881 4371 5
897 4288 963 4363 srvc
976 4291 1109 4367 alicubi
1132 4296 1240 4367 lateat
1258 4297 1294 4366 in
1309 4291 1496 4398 sepulcrm
1510 4297 1579 4371 srve
1595 4298 1775 4403 nusquam

481 4399 678 4493 exstiterit,
697 4424 1018 4497 commentumque
1036 4400 1144 4474 suerit
1167 4397 1286 4475 invidi
1306 4429 1348 4476 ac
1369 4406 1536 4478 malcn'ici
1558 4407 1725 4481 hominis.

535 4508 566 4584 E
590 4510 737 4612 regione
756 4507 850 4582 illius
866 4505 913 4582 ad
932 4506 1028 4582 aliud
1044 4510 1123 4583 ostii
1146 4512 1237 4583 latus
1257 4512 1424 4615 erigitur,
1445 4511 1567 4587 eidem
1587 4541 1679 4614 pene
1700 4513 1775 4593 for-

481 4614 554 4707 mi,
574 4614 661 4687 alius
680 4612 842 4689 sublimis
862 4620 1037 4712 tumulus,
1052 4617 1148 4718 qunsr
1170 4620 1262 4720 poris
1283 4618 1483 4722 prospcshis
1502 4618 1606 4693 consa
1626 4625 1773 4726 posrrus⁴

482 4718 609 4823 Hique
628 4722 675 4797 T.
691 4723 841 4819 lovari,
865 4729 989 4831 qui,ut
1002 4726 1196 4804 narrabant
1215 4727 1330 4825 mihi,
1349 4752 1470 4806 erutos
1484 4729 1549 4805 illo
1569 4757 1644 4809 aet‘o
1657 4739 1777 4815 Ante·
