<?xml version="1.0" encoding="UTF-8"?>
<!DOCTYPE html PUBLIC "-//W3C//DTD XHTML 1.0 Transitional//EN"
    "http://www.w3.org/TR/xhtml1/DTD/xhtml1-transitional.dtd">
<html xmlns="http://www.w3.org/1999/xhtml" xml:lang="en" lang="en">
 <head>
  <title>
</title>
<meta http-equiv="Content-Type" content="text/html;charset=utf-8" />
  <meta name='ocr-system' content='tesseract 3.04.00' />
  <meta name='ocr-capabilities' content='ocr_page ocr_carea ocr_par ocr_line ocrx_word'/>
</head>
<body>
  <div class='ocr_page' id='page_1' title='image "./diariumitalicum00montgoog_0017.png"; bbox 0 0 4060 5700; ppageno 0'>
   <div class='ocr_carea' id='block_1_1' title="bbox 293 492 1611 4967">
    <p class='ocr_par' dir='ltr' id='par_1_1' title="bbox 293 492 1606 1428">
     <span class='ocr_line' id='line_1_1' title="bbox 685 492 1213 577; baseline 0.008 -4"><span class='ocrx_word' id='word_1_1' title='bbox 685 496 719 573; x_wconf 91' lang='lat' dir='ltr'>P</span> <span class='ocrx_word' id='word_1_2' title='bbox 755 493 790 576; x_wconf 80' lang='lat' dir='ltr'><em>R</em></span> <span class='ocrx_word' id='word_1_3' title='bbox 825 492 881 575; x_wconf 78' lang='lat' dir='ltr'>AE&#39;</span> <span class='ocrx_word' id='word_1_4' title='bbox 912 495 943 575; x_wconf 78' lang='lat' dir='ltr'><em>F</em></span> <span class='ocrx_word' id='word_1_5' title='bbox 975 495 1010 575; x_wconf 81' lang='lat' dir='ltr'><em>A</em></span> <span class='ocrx_word' id='word_1_6' title='bbox 1046 492 1137 575; x_wconf 85' lang='lat' dir='ltr'>TI</span> <span class='ocrx_word' id='word_1_7' title='bbox 1166 498 1213 577; x_wconf 88' lang='lat'>0.</span> 
     </span>
     <span class='ocr_line' id='line_1_2' title="bbox 293 605 1606 748; baseline -0.003 -33"><span class='ocrx_word' id='word_1_8' title='bbox 293 608 453 715; x_wconf 81' lang='lat' dir='ltr'>nausea</span> <span class='ocrx_word' id='word_1_9' title='bbox 479 647 614 748; x_wconf 83' lang='lat' dir='ltr'>atque</span> <span class='ocrx_word' id='word_1_10' title='bbox 632 605 810 709; x_wconf 82' lang='lat' dir='ltr'>fastidio</span> <span class='ocrx_word' id='word_1_11' title='bbox 830 623 958 709; x_wconf 87' lang='lat' dir='ltr'>toties</span> <span class='ocrx_word' id='word_1_12' title='bbox 981 613 1242 736; x_wconf 87' lang='lat' dir='ltr'>decantata,</span> <span class='ocrx_word' id='word_1_13' title='bbox 1266 614 1322 711; x_wconf 91' lang='lat' dir='ltr'>de</span> <span class='ocrx_word' id='word_1_14' title='bbox 1348 621 1523 748; x_wconf 85' lang='lat' dir='ltr'>integro</span> <span class='ocrx_word' id='word_1_15' title='bbox 1545 652 1606 711; x_wconf 86' lang='lat' dir='ltr'>re-</span> 
     </span>
     <span class='ocr_line' id='line_1_3' title="bbox 295 746 1605 886; baseline -0.002 -37"><span class='ocrx_word' id='word_1_16' title='bbox 295 746 462 849; x_wconf 79' lang='lat' dir='ltr'>censita</span> <span class='ocrx_word' id='word_1_17' title='bbox 486 758 585 886; x_wconf 91' lang='lat' dir='ltr'>quis</span> <span class='ocrx_word' id='word_1_18' title='bbox 603 748 765 847; x_wconf 88' lang='lat' dir='ltr'>videat.</span> <span class='ocrx_word' id='word_1_19' title='bbox 799 758 908 846; x_wconf 87' lang='lat' dir='ltr'>Haec</span> <span class='ocrx_word' id='word_1_20' title='bbox 931 746 1038 845; x_wconf 85' lang='lat' dir='ltr'>milri</span> <span class='ocrx_word' id='word_1_21' title='bbox 1051 783 1098 846; x_wconf 91' lang='lat' dir='ltr'>ut</span> <span class='ocrx_word' id='word_1_22' title='bbox 1119 753 1306 882; x_wconf 81' lang='lat' dir='ltr'>gradum</span> <span class='ocrx_word' id='word_1_23' title='bbox 1325 786 1605 873; x_wconf 86' lang='lat' dir='ltr'>revocarem,</span> 
     </span>
     <span class='ocr_line' id='line_1_4' title="bbox 295 879 1605 1008; baseline -0.001 -24"><span class='ocrx_word' id='word_1_24' title='bbox 295 926 348 984; x_wconf 86' lang='lat' dir='ltr'>ac</span> <span class='ocrx_word' id='word_1_25' title='bbox 376 923 539 983; x_wconf 87' lang='lat' dir='ltr'>novam</span> <span class='ocrx_word' id='word_1_26' title='bbox 568 893 726 979; x_wconf 90' lang='lat' dir='ltr'>inirem</span> <span class='ocrx_word' id='word_1_27' title='bbox 756 884 965 980; x_wconf 87' lang='lat' dir='ltr'>narrandi</span> <span class='ocrx_word' id='word_1_28' title='bbox 996 895 1114 981; x_wconf 92' lang='lat' dir='ltr'>viam</span> <span class='ocrx_word' id='word_1_29' title='bbox 1142 896 1189 982; x_wconf 92' lang='lat' dir='ltr'>in</span> <span class='ocrx_word' id='word_1_30' title='bbox 1212 881 1338 983; x_wconf 83' lang='lat' dir='ltr'>causa</span> <span class='ocrx_word' id='word_1_31' title='bbox 1362 879 1518 1008; x_wconf 80' lang='lat' dir='ltr'>fuere,</span> <span class='ocrx_word' id='word_1_32' title='bbox 1551 922 1605 984; x_wconf 88' lang='lat' dir='ltr'>ac</span> 
     </span>
     <span class='ocr_line' id='line_1_5' title="bbox 297 1014 1605 1157; baseline -0.001 -37"><span class='ocrx_word' id='word_1_33' title='bbox 297 1020 475 1123; x_wconf 81' lang='lat' dir='ltr'>dimiffis</span> <span class='ocrx_word' id='word_1_34' title='bbox 500 1032 549 1117; x_wconf 87' lang='lat' dir='ltr'>iis</span> <span class='ocrx_word' id='word_1_35' title='bbox 564 1018 793 1155; x_wconf 75' lang='lat' dir='ltr'>quaevulgi</span> <span class='ocrx_word' id='word_1_36' title='bbox 818 1057 893 1115; x_wconf 89' lang='lat' dir='ltr'>ore</span> <span class='ocrx_word' id='word_1_37' title='bbox 917 1014 1144 1144; x_wconf 88' lang='lat' dir='ltr'>seruntur,</span> <span class='ocrx_word' id='word_1_38' title='bbox 1166 1039 1210 1117; x_wconf 68' lang='grc' dir='ltr'>ὃ(</span> <span class='ocrx_word' id='word_1_39' title='bbox 1225 1032 1271 1118; x_wconf 92' lang='lat' dir='ltr'>in</span> <span class='ocrx_word' id='word_1_40' title='bbox 1294 1024 1436 1119; x_wconf 88' lang='lat' dir='ltr'>diariis</span> <span class='ocrx_word' id='word_1_41' title='bbox 1454 1019 1605 1157; x_wconf 85' lang='lat' dir='ltr'>paffim</span> 
     </span>
     <span class='ocr_line' id='line_1_6' title="bbox 297 1154 1605 1289; baseline -0.005 -36"><span class='ocrx_word' id='word_1_42' title='bbox 297 1194 559 1280; x_wconf 88' lang='lat' dir='ltr'>occurrunt,</span> <span class='ocrx_word' id='word_1_43' title='bbox 580 1170 734 1289; x_wconf 82' lang='lat' dir='ltr'>ignota</span> <span class='ocrx_word' id='word_1_44' title='bbox 755 1157 892 1253; x_wconf 87' lang='lat' dir='ltr'>solum</span> <span class='ocrx_word' id='word_1_45' title='bbox 916 1192 987 1253; x_wconf 86' lang='lat' dir='ltr'>aut</span> <span class='ocrx_word' id='word_1_46' title='bbox 1020 1169 1161 1254; x_wconf 91' lang='lat' dir='ltr'>minus</span> <span class='ocrx_word' id='word_1_47' title='bbox 1179 1195 1285 1255; x_wconf 89' lang='lat' dir='ltr'>nora</span> <span class='ocrx_word' id='word_1_48' title='bbox 1317 1154 1513 1286; x_wconf 86' lang='lat' dir='ltr'>proferre</span> <span class='ocrx_word' id='word_1_49' title='bbox 1539 1170 1605 1256; x_wconf 87' lang='lat' dir='ltr'>vi.</span> 
     </span>
     <span class='ocr_line' id='line_1_7' title="bbox 296 1289 1381 1428; baseline -0.005 -34"><span class='ocrx_word' id='word_1_50' title='bbox 296 1295 414 1417; x_wconf 89' lang='lat' dir='ltr'>sum,</span> <span class='ocrx_word' id='word_1_51' title='bbox 435 1326 482 1391; x_wconf 92' lang='lat' dir='ltr'>ut</span> <span class='ocrx_word' id='word_1_52' title='bbox 500 1292 558 1388; x_wconf 90' lang='lat' dir='ltr'>ab</span> <span class='ocrx_word' id='word_1_53' title='bbox 575 1289 665 1427; x_wconf 92' lang='lat' dir='ltr'>ipso</span> <span class='ocrx_word' id='word_1_54' title='bbox 683 1301 822 1389; x_wconf 91' lang='lat' dir='ltr'>Diarii</span> <span class='ocrx_word' id='word_1_55' title='bbox 847 1294 1030 1388; x_wconf 84' lang='lat' dir='ltr'>exordio</span> <span class='ocrx_word' id='word_1_56' title='bbox 1052 1290 1261 1428; x_wconf 80' lang='lat' dir='ltr'>professus</span> <span class='ocrx_word' id='word_1_57' title='bbox 1280 1290 1381 1389; x_wconf 91' lang='lat' dir='ltr'>sum.</span> 
     </span>
    </p>

    <p class='ocr_par' dir='ltr' id='par_1_2' title="bbox 295 1424 1606 2515">
     <span class='ocr_line' id='line_1_8' title="bbox 363 1424 1604 1564; baseline -0.004 -32"><span class='ocrx_word' id='word_1_58' title='bbox 363 1446 527 1564; x_wconf 87' lang='lat' dir='ltr'>Neque</span> <span class='ocrx_word' id='word_1_59' title='bbox 553 1464 701 1526; x_wconf 88' lang='lat' dir='ltr'>tamen</span> <span class='ocrx_word' id='word_1_60' title='bbox 727 1428 835 1523; x_wconf 88' lang='lat' dir='ltr'>mibi</span> <span class='ocrx_word' id='word_1_61' title='bbox 864 1430 1011 1522; x_wconf 83' lang='lat' dir='ltr'>dicant</span> <span class='ocrx_word' id='word_1_62' title='bbox 1040 1439 1225 1563; x_wconf 76' lang='lat' dir='ltr'>impingi</span> <span class='ocrx_word' id='word_1_63' title='bbox 1247 1429 1375 1527; x_wconf 89' lang='lat' dir='ltr'>velim</span> <span class='ocrx_word' id='word_1_64' title='bbox 1392 1424 1529 1527; x_wconf 79' lang='lat' dir='ltr'>ficubi</span> <span class='ocrx_word' id='word_1_65' title='bbox 1546 1427 1604 1526; x_wconf 87' lang='lat' dir='ltr'>ab</span> 
     </span>
     <span class='ocr_line' id='line_1_9' title="bbox 295 1559 1605 1698; baseline -0.005 -32"><span class='ocrx_word' id='word_1_66' title='bbox 295 1566 383 1667; x_wconf 84' lang='lat' dir='ltr'>hoc</span> <span class='ocrx_word' id='word_1_67' title='bbox 405 1567 599 1663; x_wconf 89' lang='lat' dir='ltr'>instituto</span> <span class='ocrx_word' id='word_1_68' title='bbox 624 1563 803 1698; x_wconf 86' lang='lat' dir='ltr'>paulum</span> <span class='ocrx_word' id='word_1_69' title='bbox 825 1559 972 1658; x_wconf 82' lang='lat' dir='ltr'>recelli</span> <span class='ocrx_word' id='word_1_70' title='bbox 994 1602 1006 1656; x_wconf 76' lang='grc' dir='ltr'><strong><em>ε</em></strong></span> <span class='ocrx_word' id='word_1_71' title='bbox 1032 1571 1213 1697; x_wconf 86' lang='lat' dir='ltr'>quando</span> <span class='ocrx_word' id='word_1_72' title='bbox 1241 1577 1359 1661; x_wconf 90' lang='lat' dir='ltr'>enim</span> <span class='ocrx_word' id='word_1_73' title='bbox 1384 1562 1471 1696; x_wconf 87' lang='lat' dir='ltr'>ipsa</span> <span class='ocrx_word' id='word_1_74' title='bbox 1504 1604 1605 1664; x_wconf 91' lang='lat' dir='ltr'>nar-</span> 
     </span>
     <span class='ocr_line' id='line_1_10' title="bbox 295 1696 1605 1836; baseline -0.001 -37"><span class='ocrx_word' id='word_1_75' title='bbox 295 1714 475 1801; x_wconf 84' lang='lat' dir='ltr'>rationis</span> <span class='ocrx_word' id='word_1_76' title='bbox 500 1698 625 1798; x_wconf 91' lang='lat' dir='ltr'>series</span> <span class='ocrx_word' id='word_1_77' title='bbox 646 1703 701 1796; x_wconf 85' lang='lat' dir='ltr'>ad</span> <span class='ocrx_word' id='word_1_78' title='bbox 722 1734 825 1794; x_wconf 89' lang='lat' dir='ltr'>nota</span> <span class='ocrx_word' id='word_1_79' title='bbox 851 1696 1076 1794; x_wconf 85' lang='lat' dir='ltr'>efferenda</span> <span class='ocrx_word' id='word_1_80' title='bbox 1102 1713 1297 1819; x_wconf 86' lang='lat' dir='ltr'>vocavit,</span> <span class='ocrx_word' id='word_1_81' title='bbox 1323 1697 1415 1795; x_wconf 81' lang='lat' dir='ltr'>fine</span> <span class='ocrx_word' id='word_1_82' title='bbox 1432 1696 1605 1836; x_wconf 88' lang='lat' dir='ltr'>scrupu-</span> 
     </span>
     <span class='ocr_line' id='line_1_11' title="bbox 295 1830 1606 1972; baseline -0.002 -37"><span class='ocrx_word' id='word_1_83' title='bbox 295 1840 376 1935; x_wconf 91' lang='lat' dir='ltr'>loa</span> <span class='ocrx_word' id='word_1_84' title='bbox 390 1840 571 1972; x_wconf 87' lang='lat' dir='ltr'>pristino</span> <span class='ocrx_word' id='word_1_85' title='bbox 585 1830 768 1931; x_wconf 77' lang='lat' dir='ltr'>consilio</span> <span class='ocrx_word' id='word_1_86' title='bbox 782 1832 939 1928; x_wconf 83' lang='lat' dir='ltr'>deflexi</span> <span class='ocrx_word' id='word_1_87' title='bbox 956 1880 966 1934; x_wconf 90' lang='lat'>:</span> <span class='ocrx_word' id='word_1_88' title='bbox 986 1837 1107 1965; x_wconf 86' lang='lat' dir='ltr'>quod</span> <span class='ocrx_word' id='word_1_89' title='bbox 1127 1867 1277 1931; x_wconf 85' lang='lat' dir='ltr'>tamen</span> <span class='ocrx_word' id='word_1_90' title='bbox 1301 1834 1479 1968; x_wconf 77' lang='lat' dir='ltr'>perraro</span> <span class='ocrx_word' id='word_1_91' title='bbox 1507 1874 1606 1933; x_wconf 87' lang='lat' dir='ltr'>eve-</span> 
     </span>
     <span class='ocr_line' id='line_1_12' title="bbox 295 1966 1606 2108; baseline 0.001 -36"><span class='ocrx_word' id='word_1_92' title='bbox 295 1988 385 2097; x_wconf 89' lang='lat' dir='ltr'>nit,</span> <span class='ocrx_word' id='word_1_93' title='bbox 411 2009 545 2108; x_wconf 90' lang='lat' dir='ltr'>atque</span> <span class='ocrx_word' id='word_1_94' title='bbox 567 1968 628 2068; x_wconf 89' lang='lat' dir='ltr'>src</span> <span class='ocrx_word' id='word_1_95' title='bbox 648 1970 949 2102; x_wconf 71' lang='lat' dir='ltr'>adtemperard</span> <span class='ocrx_word' id='word_1_96' title='bbox 963 1968 1281 2105; x_wconf 66' lang='lat' dir='ltr'>provisumst,</span> <span class='ocrx_word' id='word_1_97' title='bbox 1302 2004 1348 2066; x_wconf 91' lang='lat' dir='ltr'>ut</span> <span class='ocrx_word' id='word_1_98' title='bbox 1362 1966 1450 2067; x_wconf 81' lang='lat' dir='ltr'>fine</span> <span class='ocrx_word' id='word_1_99' title='bbox 1471 1972 1606 2073; x_wconf 62' lang='lat' dir='ltr'>lesto-</span> 
     </span>
     <span class='ocr_line' id='line_1_13' title="bbox 295 2103 1605 2243; baseline -0.008 -38"><span class='ocrx_word' id='word_1_100' title='bbox 295 2123 349 2206; x_wconf 86' lang='lat' dir='ltr'>ris</span> <span class='ocrx_word' id='word_1_101' title='bbox 367 2112 497 2206; x_wconf 76' lang='lat' dir='ltr'>taedio</span> <span class='ocrx_word' id='word_1_102' title='bbox 518 2140 610 2203; x_wconf 88' lang='lat' dir='ltr'>tum</span> <span class='ocrx_word' id='word_1_103' title='bbox 631 2142 682 2201; x_wconf 83' lang='lat' dir='ltr'>ex</span> <span class='ocrx_word' id='word_1_104' title='bbox 702 2103 935 2227; x_wconf 83' lang='lat' dir='ltr'>brevitate,</span> <span class='ocrx_word' id='word_1_105' title='bbox 961 2141 1055 2201; x_wconf 90' lang='lat' dir='ltr'>tum</span> <span class='ocrx_word' id='word_1_106' title='bbox 1078 2118 1183 2243; x_wconf 90' lang='lat' dir='ltr'>quia</span> <span class='ocrx_word' id='word_1_107' title='bbox 1206 2116 1321 2204; x_wconf 66' lang='lat' dir='ltr'>tadta</span> <span class='ocrx_word' id='word_1_108' title='bbox 1348 2106 1449 2203; x_wconf 88' lang='lat' dir='ltr'>licet</span> <span class='ocrx_word' id='word_1_109' title='bbox 1471 2107 1605 2205; x_wconf 79' lang='lat' dir='ltr'>alicu.</span> 
     </span>
     <span class='ocr_line' id='line_1_14' title="bbox 296 2238 1605 2382; baseline -0.01 -38"><span class='ocrx_word' id='word_1_110' title='bbox 296 2246 366 2371; x_wconf 90' lang='lat' dir='ltr'>bi,</span> <span class='ocrx_word' id='word_1_111' title='bbox 389 2245 497 2382; x_wconf 86' lang='lat' dir='ltr'>quid</span> <span class='ocrx_word' id='word_1_112' title='bbox 517 2253 625 2344; x_wconf 87' lang='lat' dir='ltr'>novi</span> <span class='ocrx_word' id='word_1_113' title='bbox 650 2238 815 2373; x_wconf 79' lang='lat' dir='ltr'>semper</span> <span class='ocrx_word' id='word_1_114' title='bbox 838 2278 892 2337; x_wconf 89' lang='lat' dir='ltr'>ac</span> <span class='ocrx_word' id='word_1_115' title='bbox 914 2238 1178 2341; x_wconf 86' lang='lat' dir='ltr'>inobservati</span> <span class='ocrx_word' id='word_1_116' title='bbox 1207 2239 1437 2379; x_wconf 79' lang='lat' dir='ltr'>praeferunt</span> <span class='ocrx_word' id='word_1_117' title='bbox 1462 2325 1474 2365; x_wconf 95' lang='lat'>,</span> <span class='ocrx_word' id='word_1_118' title='bbox 1508 2281 1605 2381; x_wconf 87' lang='lat' dir='ltr'>per..</span> 
     </span>
     <span class='ocr_line' id='line_1_15' title="bbox 295 2376 789 2515; baseline -0.016 -36"><span class='ocrx_word' id='word_1_119' title='bbox 295 2394 408 2479; x_wconf 88' lang='lat' dir='ltr'>curri</span> <span class='ocrx_word' id='word_1_120' title='bbox 431 2380 548 2515; x_wconf 81' lang='lat' dir='ltr'>polle</span> <span class='ocrx_word' id='word_1_121' title='bbox 569 2376 789 2515; x_wconf 87' lang='lat' dir='ltr'>sperarim.</span> 
     </span>
    </p>

    <p class='ocr_par' dir='ltr' id='par_1_3' title="bbox 293 2512 1611 4967">
     <span class='ocr_line' id='line_1_16' title="bbox 362 2512 1609 2653; baseline 0 -38"><span class='ocrx_word' id='word_1_122' title='bbox 362 2532 412 2615; x_wconf 91' lang='lat' dir='ltr'>ln</span> <span class='ocrx_word' id='word_1_123' title='bbox 429 2518 493 2614; x_wconf 85' lang='lat' dir='ltr'>his</span> <span class='ocrx_word' id='word_1_124' title='bbox 510 2552 658 2612; x_wconf 89' lang='lat' dir='ltr'>aurem</span> <span class='ocrx_word' id='word_1_125' title='bbox 680 2512 1054 2613; x_wconf 86' lang='lat' dir='ltr'>observationibus</span> <span class='ocrx_word' id='word_1_126' title='bbox 1081 2527 1241 2651; x_wconf 88' lang='lat' dir='ltr'>primas</span> <span class='ocrx_word' id='word_1_127' title='bbox 1259 2550 1409 2613; x_wconf 90' lang='lat' dir='ltr'>tenent</span> <span class='ocrx_word' id='word_1_128' title='bbox 1424 2554 1523 2653; x_wconf 86' lang='lat' dir='ltr'>quae</span> <span class='ocrx_word' id='word_1_129' title='bbox 1543 2528 1609 2617; x_wconf 88' lang='lat' dir='ltr'>Bi-</span> 
     </span>
     <span class='ocr_line' id='line_1_17' title="bbox 293 2648 1606 2787; baseline -0.002 -34"><span class='ocrx_word' id='word_1_130' title='bbox 293 2653 534 2753; x_wconf 89' lang='lat' dir='ltr'>bliothecas</span> <span class='ocrx_word' id='word_1_131' title='bbox 557 2648 954 2786; x_wconf 85' lang='lat' dir='ltr'>manuscriptorum</span> <span class='ocrx_word' id='word_1_132' title='bbox 984 2648 1203 2785; x_wconf 64' lang='lat' dir='ltr'>speelant,</span> <span class='ocrx_word' id='word_1_133' title='bbox 1233 2652 1464 2787; x_wconf 87' lang='lat' dir='ltr'>dequibus</span> <span class='ocrx_word' id='word_1_134' title='bbox 1491 2655 1606 2750; x_wconf 90' lang='lat' dir='ltr'>mul-</span> 
     </span>
     <span class='ocr_line' id='line_1_18' title="bbox 295 2792 1606 2925; baseline 0 -40"><span class='ocrx_word' id='word_1_135' title='bbox 295 2824 341 2886; x_wconf 85' lang='lat' dir='ltr'>ta</span> <span class='ocrx_word' id='word_1_136' title='bbox 374 2792 658 2925; x_wconf 67' lang='lat' dir='ltr'>praenotanda</span> <span class='ocrx_word' id='word_1_137' title='bbox 677 2800 870 2884; x_wconf 87' lang='lat' dir='ltr'>veniunt.</span> <span class='ocrx_word' id='word_1_138' title='bbox 914 2799 1064 2885; x_wconf 90' lang='lat' dir='ltr'>Primo</span> <span class='ocrx_word' id='word_1_139' title='bbox 1096 2799 1218 2885; x_wconf 92' lang='lat' dir='ltr'>enim</span> <span class='ocrx_word' id='word_1_140' title='bbox 1243 2826 1427 2885; x_wconf 90' lang='lat' dir='ltr'>monere</span> <span class='ocrx_word' id='word_1_141' title='bbox 1451 2800 1606 2913; x_wconf 86' lang='lat' dir='ltr'>juvat,</span> 
     </span>
     <span class='ocr_line' id='line_1_19' title="bbox 295 2924 1608 3060; baseline -0.001 -37"><span class='ocrx_word' id='word_1_142' title='bbox 295 2963 476 3023; x_wconf 91' lang='lat' dir='ltr'>menon</span> <span class='ocrx_word' id='word_1_143' title='bbox 494 2937 695 3021; x_wconf 93' lang='lat' dir='ltr'>omnium</span> <span class='ocrx_word' id='word_1_144' title='bbox 719 2958 940 3060; x_wconf 86' lang='lat' dir='ltr'>quotquot</span> <span class='ocrx_word' id='word_1_145' title='bbox 964 2927 1112 3019; x_wconf 85' lang='lat' dir='ltr'>videre</span> <span class='ocrx_word' id='word_1_146' title='bbox 1139 2943 1182 3021; x_wconf 70' lang='grc' dir='ltr'>δε</span> <span class='ocrx_word' id='word_1_147' title='bbox 1208 2924 1405 3022; x_wconf 88' lang='lat' dir='ltr'>evolvere</span> <span class='ocrx_word' id='word_1_148' title='bbox 1435 2924 1608 3022; x_wconf 89' lang='lat' dir='ltr'>licitum</span> 
     </span>
     <span class='ocr_line' id='line_1_20' title="bbox 295 3059 1611 3193; baseline -0.009 -32"><span class='ocrx_word' id='word_1_149' title='bbox 295 3059 380 3161; x_wconf 90' lang='lat' dir='ltr'>fuit</span> <span class='ocrx_word' id='word_1_150' title='bbox 412 3059 777 3158; x_wconf 85' lang='lat' dir='ltr'>bibliothecarum</span> <span class='ocrx_word' id='word_1_151' title='bbox 810 3060 1037 3193; x_wconf 80' lang='lat' dir='ltr'>catalogos</span> <span class='ocrx_word' id='word_1_152' title='bbox 1066 3060 1154 3156; x_wconf 85' lang='lat' dir='ltr'>lroc</span> <span class='ocrx_word' id='word_1_153' title='bbox 1189 3072 1232 3156; x_wconf 91' lang='lat' dir='ltr'>in</span> <span class='ocrx_word' id='word_1_154' title='bbox 1271 3071 1427 3157; x_wconf 87' lang='lat' dir='ltr'>Diario</span> <span class='ocrx_word' id='word_1_155' title='bbox 1463 3060 1611 3160; x_wconf 89' lang='lat' dir='ltr'>const.</span> 
     </span>
     <span class='ocr_line' id='line_1_21' title="bbox 296 3190 1608 3333; baseline 0.002 -37"><span class='ocrx_word' id='word_1_156' title='bbox 296 3197 471 3333; x_wconf 70' lang='lat' dir='ltr'>gualie,</span> <span class='ocrx_word' id='word_1_157' title='bbox 504 3194 576 3294; x_wconf 90' lang='lat' dir='ltr'>sed</span> <span class='ocrx_word' id='word_1_158' title='bbox 607 3207 656 3292; x_wconf 91' lang='lat' dir='ltr'>iis</span> <span class='ocrx_word' id='word_1_159' title='bbox 676 3190 814 3291; x_wconf 92' lang='lat' dir='ltr'>solum</span> <span class='ocrx_word' id='word_1_160' title='bbox 836 3193 972 3291; x_wconf 87' lang='lat' dir='ltr'>allatis</span> <span class='ocrx_word' id='word_1_161' title='bbox 997 3233 1092 3331; x_wconf 82' lang='lat' dir='ltr'>quae</span> <span class='ocrx_word' id='word_1_162' title='bbox 1118 3196 1186 3289; x_wconf 86' lang='lat' dir='ltr'>vel</span> <span class='ocrx_word' id='word_1_163' title='bbox 1216 3195 1608 3329; x_wconf 82' lang='lat' dir='ltr'>manuscriptorum</span> 
     </span>
     <span class='ocr_line' id='line_1_22' title="bbox 298 3330 1609 3471; baseline -0.005 -41"><span class='ocrx_word' id='word_1_164' title='bbox 298 3345 516 3471; x_wconf 86' lang='lat' dir='ltr'>paucitate</span> <span class='ocrx_word' id='word_1_165' title='bbox 544 3362 854 3465; x_wconf 88' lang='lat' dir='ltr'>properantem</span> <span class='ocrx_word' id='word_1_166' title='bbox 884 3367 978 3426; x_wconf 93' lang='lat' dir='ltr'>non</span> <span class='ocrx_word' id='word_1_167' title='bbox 1011 3334 1086 3427; x_wconf 91' lang='lat' dir='ltr'>diu</span> <span class='ocrx_word' id='word_1_168' title='bbox 1115 3330 1395 3467; x_wconf 87' lang='lat' dir='ltr'>multumque</span> <span class='ocrx_word' id='word_1_169' title='bbox 1438 3335 1609 3432; x_wconf 88' lang='lat' dir='ltr'>detine.</span> 
     </span>
     <span class='ocr_line' id='line_1_23' title="bbox 299 3464 1608 3603; baseline 0.004 -37"><span class='ocrx_word' id='word_1_170' title='bbox 299 3504 424 3589; x_wconf 92' lang='lat' dir='ltr'>rent,</span> <span class='ocrx_word' id='word_1_171' title='bbox 449 3468 521 3568; x_wconf 84' lang='lat' dir='ltr'>vel</span> <span class='ocrx_word' id='word_1_172' title='bbox 548 3507 642 3603; x_wconf 78' lang='lat' dir='ltr'>quae</span> <span class='ocrx_word' id='word_1_173' title='bbox 670 3504 695 3561; x_wconf 87' lang='lat' dir='ltr'>a</span> <span class='ocrx_word' id='word_1_174' title='bbox 722 3504 792 3562; x_wconf 94' lang='lat' dir='ltr'>me</span> <span class='ocrx_word' id='word_1_175' title='bbox 819 3474 1005 3593; x_wconf 86' lang='lat' dir='ltr'>carptim</span> <span class='ocrx_word' id='word_1_176' title='bbox 1032 3504 1114 3562; x_wconf 88' lang='lat' dir='ltr'>ncc</span> <span class='ocrx_word' id='word_1_177' title='bbox 1139 3503 1219 3600; x_wconf 91' lang='lat' dir='ltr'>pro</span> <span class='ocrx_word' id='word_1_178' title='bbox 1238 3504 1350 3565; x_wconf 91' lang='lat' dir='ltr'>voto</span> <span class='ocrx_word' id='word_1_179' title='bbox 1372 3464 1608 3570; x_wconf 74' lang='lat' dir='ltr'>observata</span> 
     </span>
     <span class='ocr_line' id='line_1_24' title="bbox 299 3598 1608 3742; baseline 0.001 -38"><span class='ocrx_word' id='word_1_180' title='bbox 299 3604 421 3741; x_wconf 87' lang='lat' dir='ltr'>spatii</span> <span class='ocrx_word' id='word_1_181' title='bbox 445 3608 672 3702; x_wconf 90' lang='lat' dir='ltr'>modicum</span> <span class='ocrx_word' id='word_1_182' title='bbox 696 3637 994 3736; x_wconf 88' lang='lat' dir='ltr'>occuparent,</span> <span class='ocrx_word' id='word_1_183' title='bbox 1017 3603 1270 3735; x_wconf 85' lang='lat' dir='ltr'>prolixiores</span> <span class='ocrx_word' id='word_1_184' title='bbox 1293 3604 1350 3699; x_wconf 89' lang='lat' dir='ltr'>ad</span> <span class='ocrx_word' id='word_1_185' title='bbox 1374 3598 1608 3742; x_wconf 84' lang='lat' dir='ltr'>insequen-</span> 
     </span>
     <span class='ocr_line' id='line_1_25' title="bbox 299 3734 1611 3873; baseline -0.002 -35"><span class='ocrx_word' id='word_1_186' title='bbox 299 3778 363 3839; x_wconf 87' lang='lat' dir='ltr'>tes</span> <span class='ocrx_word' id='word_1_187' title='bbox 384 3777 529 3838; x_wconf 89' lang='lat' dir='ltr'>tomos</span> <span class='ocrx_word' id='word_1_188' title='bbox 554 3736 1008 3862; x_wconf 85' lang='lat' dir='ltr'>retnis1,Florentinas</span> <span class='ocrx_word' id='word_1_189' title='bbox 1032 3736 1195 3836; x_wconf 83' lang='lat' dir='ltr'>scilicet</span> <span class='ocrx_word' id='word_1_190' title='bbox 1218 3734 1499 3873; x_wconf 78' lang='lat' dir='ltr'>insigniores,</span> <span class='ocrx_word' id='word_1_191' title='bbox 1516 3758 1611 3847; x_wconf 80' lang='lat' dir='ltr'>Ro.</span> 
     </span>
     <span class='ocr_line' id='line_1_26' title="bbox 300 3873 1607 4014; baseline 0.002 -39"><span class='ocrx_word' id='word_1_192' title='bbox 300 3914 479 4000; x_wconf 86' lang='lat' dir='ltr'>manas,</span> <span class='ocrx_word' id='word_1_193' title='bbox 501 3890 783 3979; x_wconf 78' lang='lat' dir='ltr'>Venerianus.</span> <span class='ocrx_word' id='word_1_194' title='bbox 830 3884 878 3970; x_wconf 88' lang='lat' dir='ltr'>ln</span> <span class='ocrx_word' id='word_1_195' title='bbox 905 3873 1196 3972; x_wconf 86' lang='lat' dir='ltr'>conficiendis</span> <span class='ocrx_word' id='word_1_196' title='bbox 1222 3911 1367 3971; x_wconf 90' lang='lat' dir='ltr'>aurem</span> <span class='ocrx_word' id='word_1_197' title='bbox 1394 3878 1607 4014; x_wconf 66' lang='lat' dir='ltr'>catalogis</span> 
     </span>
     <span class='ocr_line' id='line_1_27' title="bbox 299 3994 1607 4147; baseline -0.002 -32"><span class='ocrx_word' id='word_1_198' title='bbox 299 4052 395 4115; x_wconf 92' lang='lat' dir='ltr'>non</span> <span class='ocrx_word' id='word_1_199' title='bbox 420 4027 510 4147; x_wconf 88' lang='lat' dir='ltr'>pari</span> <span class='ocrx_word' id='word_1_200' title='bbox 528 4012 753 4147; x_wconf 82' lang='lat' dir='ltr'>diligentia</span> <span class='ocrx_word' id='word_1_201' title='bbox 776 4006 943 4143; x_wconf 85' lang='lat' dir='ltr'>semper</span> <span class='ocrx_word' id='word_1_202' title='bbox 973 4021 1033 4105; x_wconf 92' lang='lat' dir='ltr'>uti</span> <span class='ocrx_word' id='word_1_203' title='bbox 1056 4007 1239 4108; x_wconf 84' lang='lat' dir='ltr'>facultas</span> <span class='ocrx_word' id='word_1_204' title='bbox 1265 4005 1347 4106; x_wconf 87' lang='lat' dir='ltr'>fuit</span> <span class='ocrx_word' id='word_1_205' title='bbox 1370 4059 1380 4113; x_wconf 81' lang='lat' dir='ltr'>r</span> <span class='ocrx_word' id='word_1_206' title='bbox 1401 4050 1514 4111; x_wconf 88' lang='lat' dir='ltr'>nam</span> <span class='ocrx_word' id='word_1_207' title='bbox 1538 3994 1607 4115; x_wconf 68' lang='lat' dir='ltr'>iel</span> 
     </span>
     <span class='ocr_line' id='line_1_28' title="bbox 301 4146 1608 4284; baseline 0.002 -38"><span class='ocrx_word' id='word_1_208' title='bbox 301 4186 484 4284; x_wconf 77' lang='lat' dir='ltr'>urgente</span> <span class='ocrx_word' id='word_1_209' title='bbox 501 4146 701 4280; x_wconf 71' lang='lat' dir='ltr'>ptolerflu</span> <span class='ocrx_word' id='word_1_210' title='bbox 716 4230 727 4267; x_wconf 94' lang='lat'>,</span> <span class='ocrx_word' id='word_1_211' title='bbox 741 4178 961 4242; x_wconf 88' lang='lat' dir='ltr'>maturato</span> <span class='ocrx_word' id='word_1_212' title='bbox 980 4183 1087 4281; x_wconf 86' lang='lat' dir='ltr'>opus</span> <span class='ocrx_word' id='word_1_213' title='bbox 1109 4183 1211 4244; x_wconf 90' lang='lat' dir='ltr'>cum</span> <span class='ocrx_word' id='word_1_214' title='bbox 1228 4146 1332 4243; x_wconf 83' lang='lat' dir='ltr'>effer</span> <span class='ocrx_word' id='word_1_215' title='bbox 1342 4230 1355 4271; x_wconf 93' lang='lat'>,</span> <span class='ocrx_word' id='word_1_216' title='bbox 1372 4161 1532 4283; x_wconf 85' lang='lat' dir='ltr'>raptim</span> <span class='ocrx_word' id='word_1_217' title='bbox 1545 4150 1608 4248; x_wconf 79' lang='lat' dir='ltr'>so-</span> 
     </span>
     <span class='ocr_line' id='line_1_29' title="bbox 301 4282 1606 4419; baseline 0.003 -37"><span class='ocrx_word' id='word_1_218' title='bbox 301 4288 392 4382; x_wconf 88' lang='lat' dir='ltr'>lum</span> <span class='ocrx_word' id='word_1_219' title='bbox 413 4288 587 4382; x_wconf 88' lang='lat' dir='ltr'>codices</span> <span class='ocrx_word' id='word_1_220' title='bbox 610 4285 786 4379; x_wconf 87' lang='lat' dir='ltr'>lustravi</span> <span class='ocrx_word' id='word_1_221' title='bbox 810 4337 822 4401; x_wconf 78' lang='lat'>3</span> <span class='ocrx_word' id='word_1_222' title='bbox 855 4283 925 4381; x_wconf 86' lang='lat' dir='ltr'>vel</span> <span class='ocrx_word' id='word_1_223' title='bbox 945 4292 1078 4379; x_wconf 86' lang='lat' dir='ltr'>ctiam</span> <span class='ocrx_word' id='word_1_224' title='bbox 1098 4282 1283 4404; x_wconf 89' lang='lat' dir='ltr'>alicubi,</span> <span class='ocrx_word' id='word_1_225' title='bbox 1307 4296 1408 4419; x_wconf 87' lang='lat' dir='ltr'>quia</span> <span class='ocrx_word' id='word_1_226' title='bbox 1435 4322 1526 4382; x_wconf 93' lang='lat' dir='ltr'>non</span> <span class='ocrx_word' id='word_1_227' title='bbox 1546 4301 1606 4386; x_wconf 87' lang='lat' dir='ltr'>ita</span> 
     </span>
     <span class='ocr_line' id='line_1_30' title="bbox 304 4416 1605 4556; baseline 0.002 -38"><span class='ocrx_word' id='word_1_228' title='bbox 304 4420 501 4518; x_wconf 90' lang='lat' dir='ltr'>lubenter</span> <span class='ocrx_word' id='word_1_229' title='bbox 529 4421 631 4517; x_wconf 88' lang='lat' dir='ltr'>huic</span> <span class='ocrx_word' id='word_1_230' title='bbox 664 4455 736 4512; x_wconf 85' lang='lat' dir='ltr'>me</span> <span class='ocrx_word' id='word_1_231' title='bbox 764 4416 905 4514; x_wconf 88' lang='lat' dir='ltr'>labori</span> <span class='ocrx_word' id='word_1_232' title='bbox 925 4455 1082 4514; x_wconf 87' lang='lat' dir='ltr'>vacare</span> <span class='ocrx_word' id='word_1_233' title='bbox 1113 4454 1343 4515; x_wconf 90' lang='lat' dir='ltr'>cernerent</span> <span class='ocrx_word' id='word_1_234' title='bbox 1365 4431 1393 4515; x_wconf 91' lang='lat' dir='ltr'>ii</span> <span class='ocrx_word' id='word_1_235' title='bbox 1414 4458 1605 4556; x_wconf 88' lang='lat' dir='ltr'>quorum</span> 
     </span>
     <span class='ocr_line' id='line_1_31' title="bbox 303 4553 1606 4676; baseline 0.004 -22"><span class='ocrx_word' id='word_1_236' title='bbox 303 4568 349 4655; x_wconf 89' lang='lat' dir='ltr'>in</span> <span class='ocrx_word' id='word_1_237' title='bbox 373 4560 536 4653; x_wconf 86' lang='lat' dir='ltr'>ditione</span> <span class='ocrx_word' id='word_1_238' title='bbox 559 4553 833 4651; x_wconf 80' lang='lat' dir='ltr'>bibliothecae</span> <span class='ocrx_word' id='word_1_239' title='bbox 856 4588 1009 4676; x_wconf 87' lang='lat' dir='ltr'>erant,</span> <span class='ocrx_word' id='word_1_240' title='bbox 1036 4592 1089 4653; x_wconf 91' lang='lat' dir='ltr'>nc</span> <span class='ocrx_word' id='word_1_241' title='bbox 1114 4559 1402 4653; x_wconf 87' lang='lat' dir='ltr'>diuturniores</span> <span class='ocrx_word' id='word_1_242' title='bbox 1426 4593 1559 4655; x_wconf 80' lang='lat' dir='ltr'>morte</span> <span class='ocrx_word' id='word_1_243' title='bbox 1580 4602 1606 4659; x_wconf 88' lang='lat' dir='ltr'>a</span> 
     </span>
     <span class='ocr_line' id='line_1_32' title="bbox 301 4684 1610 4825; baseline 0 -38"><span class='ocrx_word' id='word_1_244' title='bbox 301 4726 451 4825; x_wconf 79' lang='lat' dir='ltr'>crrpto</span> <span class='ocrx_word' id='word_1_245' title='bbox 479 4690 746 4823; x_wconf 87' lang='lat' dir='ltr'>interpellari</span> <span class='ocrx_word' id='word_1_246' title='bbox 763 4726 834 4786; x_wconf 92' lang='lat' dir='ltr'>me</span> <span class='ocrx_word' id='word_1_247' title='bbox 854 4684 1107 4814; x_wconf 86' lang='lat' dir='ltr'>suaderent,</span> <span class='ocrx_word' id='word_1_248' title='bbox 1126 4688 1325 4795; x_wconf 84' lang='lat' dir='ltr'>festinavi</span> <span class='ocrx_word' id='word_1_249' title='bbox 1343 4692 1610 4797; x_wconf 75' lang='lat' dir='ltr'>breviorem.</span> 
     </span>
     <span class='ocr_line' id='line_1_33' title="bbox 294 4825 798 4967; baseline 0.012 -45"><span class='ocrx_word' id='word_1_250' title='bbox 294 4864 386 4967; x_wconf 65' lang='lat' dir='ltr'>flue</span> <span class='ocrx_word' id='word_1_251' title='bbox 409 4838 457 4929; x_wconf 77' lang='lat' dir='ltr'>us</span> <span class='ocrx_word' id='word_1_252' title='bbox 480 4863 664 4962; x_wconf 83' lang='lat' dir='ltr'>operam</span> <span class='ocrx_word' id='word_1_253' title='bbox 682 4825 798 4931; x_wconf 64' lang='lat' dir='ltr'>dedu</span> 
     </span>
    </p>
   </div>
   <div class='ocr_carea' id='block_1_2' title="bbox 0 0 2043 5700">
    <p class='ocr_par' dir='ltr' id='par_1_4' title="bbox 0 0 2043 5700">
     <span class='ocr_line' id='line_1_34' title="bbox 0 0 2043 5700; baseline 0 0"><span class='ocrx_word' id='word_1_254' title='bbox 0 0 2043 5700; x_wconf 95' lang='lat' dir='ltr'> </span> 
     </span>
    </p>
   </div>
  </div>
 </body>
</html>
