4352 5690
941 405 1068 519 Caput
1085 383 1560 522 vigessmumstptimum:
1826 429 1904 520 403

583 546 660 638 qua
678 543 789 638 parte
804 518 1015 604 declinavit
1031 517 1112 601 solo
1132 525 1256 600 minus
1271 515 1385 601 firmo
1403 523 1493 599 nixa
1511 542 1617 621 crat,
1638 521 1746 631 quod
1763 521 1814 605 de
1824 524 1906 627 aliis

582 633 793 747 quibusque
816 632 982 714 turribus
1012 631 1183 712 similiter
1207 631 1540 744 propendentibus
1564 632 1776 715 dicendum
1796 637 1904 719 vide.

581 772 655 828 tur.
699 749 844 828 Praeter
863 739 1036 824 Pisanum
1061 747 1167 825 enim
1199 752 1238 825 ὃ(
1260 738 1517 825 Garisendam
1540 812 1551 850 ,
1588 750 1765 828 Venetiis
1791 752 1905 829 turris

579 864 828 970 campanaria
856 859 889 938 S.
910 858 1046 937 Mariae
1071 853 1303 958 Zobenicae,
1327 853 1377 935 ab
1393 856 1516 938 altera
1527 882 1638 970 parte
1649 856 1757 938 haud
1766 885 1904 970 parurn

578 968 787 1050 inclinatur
808 1005 817 1049 z
838 966 1007 1049 similiter
1036 994 1083 1048 ue
1102 972 1300 1049 Ravennae
1316 972 1453 1048 turrim
1471 968 1587 1050 aliam
1604 962 1804 1052 observavr
1812 1000 1905 1085 pro.

606 1081 840 1182 endentem‚
864 1083 954 1190 quia
979 997 1121 1160 sciiicet
1149 1078 1295 1160 mobile
1318 1072 1441 1159 solum
1460 1070 1663 1192 premente
1684 1081 1791 1164 mole
1810 1110 1905 1196 pau.

577 1108 660 1275 sum
677 1189 844 1275 cellerat.
874 1196 920 1273 In
935 1195 1072 1273 itinere
1092 1194 1264 1274 Ferraria
1284 1196 1490 1294 Venetias,
1511 1191 1576 1273 ubi
1598 1189 1827 1305 paludosum
1847 1192 1906 1274 so.

578 1303 682 1409 lum,
697 1301 1195 1388 vetustisfimumaedificium
1206 1307 1398 1407 occurrit,
1418 1301 1468 1382 ab
1486 1332 1563 1384 una
1576 1329 1687 1417 parte
1697 1304 1904 1390 deflexum.

578 1417 721 1498 Praesto
740 1414 831 1499 esset
849 1413 1031 1529 exempla
1048 1413 1182 1496 srmilia
1209 1412 1396 1528 proferre.
1432 1411 1651 1498 Garisenda
1668 1444 1762 1498 vero
1783 1418 1906 1501 decli.

576 1555 695 1611 nante
715 1527 900 1610 struelura
917 1552 1022 1630 tota,
1042 1554 1186 1640 magna
1204 1551 1315 1639 parte
1335 1521 1437 1640 lapsa
1446 1525 1523 1630 est,
1540 1532 1633 1608 utin
1649 1526 1799 1641 fastigio
1812 1526 1906 1639 ejus-

576 1639 668 1722 dcm
687 1639 814 1721 statim
833 1638 1165 1721 animadvertitur.
1186 1641 1230 1719 ln
1251 1637 1494 1722 Monasterio
1511 1641 1717 1751 S.Joannis
1735 1646 1776 1721 in
1789 1642 1907 1722 Mon-

576 1773 616 1832 te
636 1756 820 1833 Bononiae
836 1750 1078 1864 epitaphium
1095 1748 1259 1863 legitur,
1277 1752 1345 1830 ubi
1370 1750 1421 1834 de
1448 1752 1561 1832 turris
1578 1745 1778 1865 cujusdam
1795 1756 1907 1834 ruina

576 1867 747 1970 mentio3
764 1864 813 1945 sic
829 1862 906 1947 fert
921 1857 1127 1976 inscriptio.

770 2093 930 2168 Antonio
949 2084 1142 2196 Bologneto
1159 2112 1217 2168 rc.
1235 2114 1340 2194 quem

763 2208 802 2280 T
801 2212 892 2276 urata
898 2197 1005 2310 stapes
1016 2195 1106 2274 aedet
1119 2218 1254 2302 repente

761 2306 887 2420 Lapsa
904 2303 1030 2420 mifitra
1048 2307 1224 2416 quondam
1244 2330 1352 2387 morte

763 2417 951 2525 oppwffit,
975 2415 1168 2521 &Jacobo
1184 2430 1292 2503 Mar.
1306 2416 1391 2520 filio

762 2541 1010 2641 Integem'mo,
1029 2528 1182 2632 Jacobus
1198 2540 1307 2612 Mar.
1317 2556 1421 2637 eques
1442 2528 1491 2625 ὠ

764 2653 879 2724 Hier.
900 2640 1139 2743 Camiffifilit'
1148 2707 1160 2742 ,
1176 2650 1275 2744 patri

764 2760 856 2835 Avo
882 2747 929 2844 ὠ
943 2773 1078 2857 proavo
1097 2761 1187 2835 BB.
1213 2758 1300 2833 ΡΙ).
1319 2778 1410 2829 anno

764 2870 1114 2947 MDLXXII.
1139 2861 1321 2942 demens.
1342 2873 1355 2965 (
1376 2861 1460 2960 sic)

627 3082 882 3168 Duodecima
898 3089 1043 3167 comite
1058 3087 1105 3167 R.
1129 3086 1172 3165 P.
1194 3082 1356 3165 Pallinio
1373 3088 1414 3164 in
1429 3082 1632 3167 ecclesiam
1648 3088 1683 3168 S.
1700 3086 1905 3168 Bartholo

572 3202 660 3280 nuci
678 3194 966 3278 Theatinorum
987 3194 1267 3299 concedimus,
1296 3224 1382 3308 quae
1400 3223 1535 3279 recens
1553 3196 1610 3279 est
1624 3207 1677 3298 ιὅ(
1703 3199 1904 3310 eleganter

575 3309 724 3391 struela.
753 3307 851 3389 Inde
872 3309 923 3389 ad
942 3313 983 3390 Β.
1000 3311 1169 3391 Mariam
1183 3311 1389 3389 Servorum
1401 3308 1671 3421 praegrandem
1687 3318 1725 3392 ὅ(
1743 3309 1903 3391 Gotthi.

573 3450 644 3524 co,
664 3445 710 3499 ut
727 3444 1018 3523 vocant,1n0re
1035 3420 1238 3523 strudam3
1257 3443 1516 3532 ornatamque
1534 3419 1655 3533 probe
1668 3419 1805 3502 statuis.
1833 3423 1903 3504 Pe-

573 3531 740 3643 ristylia,
761 3530 993 3612 dormitoria
1012 3531 1271 3645 pulcritudine
1298 3558 1345 3610 ac
1373 3531 1660 3645 magnificentia
1683 3528 1899 3645 spetiabilia

571 3645 680 3744 sunt,
697 3669 866 3753 vereque
883 3668 927 3724 ut
944 3641 1182 3725 Monasteria
1198 3647 1382 3722 Bononia:
1402 3647 1547 3725 caeteris
1564 3643 1724 3724 aliarum
1744 3643 1899 3726 urbium

572 3753 752 3867 praestant
769 3753 962 3866 elegantia
981 3763 1020 3837 ἃ(
1043 3758 1189 3855 nitore,
1208 3758 1263 3834 ita
1277 3752 1371 3835 istuc
1383 3751 1563 3834 omnibus
1577 3755 1657 3835 aliis
1676 3760 1897 3838 Bononien-

572 3866 692 3968 sibuS,
710 3863 776 3945 nisr
794 3860 948 3947 fortasse
971 3869 1006 3947 S.
1029 3863 1269 3947 Miclraelenr
1287 3870 1326 3945 iu
1343 3862 1446 3976 sylva
1464 3869 1652 3976 excipias,
1671 3865 1894 3971 antecellit5

572 3977 789 4059 monstrant
801 3976 979 4087 hydriam
996 4003 1043 4058 ex
1054 4005 1187 4059 earum
1201 4005 1386 4072 numeru,
1405 4001 1449 4057 ut
1458 3981 1590 4080 aiunt,
1608 3982 1646 4057 in
1686 3983 1764 4061 ueis
1785 3976 1897 4058 Chri.

569 4090 683 4172 stusa
714 4116 803 4168 uam
823 4092 862 4167 in
882 4092 1014 4169 vinum
1032 4092 1236 4170 convertit.
1264 4088 1326 4171 Est
1356 4115 1403 4170 ue
1419 4084 1570 4202 prorsus
1584 4006 1710 4170 simisis
1724 4093 1827 4171 urnis
1841 4084 1895 4169 se-

560 4118 898 4313 pulcraiibusquae
911 4199 1127 4312 nuperdD.
1139 4118 1449 4281 CardBusionio
1469 4203 1503 4281 S.
1522 4202 1569 4282 C.
1581 4203 1732 4283 decano
1747 4204 1786 4280 in
1799 4203 1893 4281 Por.

568 4339 610 4392 tu
633 4310 798 4393 Ostienfi
824 4312 984 4394 detecta
1006 4308 1100 4392 sunt.
1130 4315 1185 4393 Ea
1205 4339 1426 4393 marmorea
1444 4310 1500 4394 est
1518 4310 1722 4393 altitudine
1761 4310 1893 4424 pedali

567 4421 770 4504 frondibus
789 4420 1020 4505 extrinsecus
1040 4448 1188 4506 ornata

622 4540 668 4617 In
696 4536 906 4617 Conventu
930 4532 1267 4616 franciscanorum
1288 4533 1502 4648 sepulcrum
1529 4533 1700 4617 Accursri
1727 4530 1897 4612 vidimus

568 4647 619 4727 ad
639 4641 848 4758 ingressum
864 4645 1038 4728 Ecclesia:
1054 4647 1187 4749 situm,
1203 4656 1242 4727 &
1262 4675 1365 4757 pone
1383 4648 1546 4726 chorum
1566 4640 1780 4756 sepulcrum
1796 4639 1890 4723 Ale-

569 4757 707 4837 xandri
735 4762 785 4839 V.
826 4759 960 4868 Papa,
981 4763 1047 4869 qui
1068 4756 1165 4837 obiit
1186 4785 1291 4837 anno
1320 4756 1464 4837 Christi
1484 4785 1586 4859 1410.
1615 4758 1721 4837 Petri
1747 4748 1891 4834 scilicet

1594 4868 1690 4948 Eee
1718 4866 1743 4971 ij
