4264 5684
949 308 1281 457 Capuaquinrum.
1705 361 1760 441 77

459 452 551 540 stolo
570 458 678 540 Zeno
701 455 939 535 Venetiarum
964 481 1194 533 ornamento.
1237 455 1298 533 Est
1320 449 1440 531 codex
1466 453 1765 532 membranaceus

462 567 616 673 scriptus
644 591 741 641 anno
767 559 911 637 circiter
934 588 1028 638 1210.
1074 565 1264 667 Anonymi
1294 563 1475 666 scriptoris
1501 590 1619 637 rtrum
1642 566 1768 637 Vene-

462 678 640 754 timorum
658 707 666 753 ;
686 672 933 773 antiquiorem
962 670 1148 744 neminem
1176 670 1360 775 gestorum
1380 666 1527 746 suorum
1552 669 1767 745 historicum

459 808 594 863 norunt
613 778 820 856 Veneriani.
850 776 940 882 Agit
958 776 987 850 is
1008 776 1052 852 dc
1074 771 1201 852 Infulis
1224 777 1261 854 in
1281 778 1382 879 queis
1404 777 1475 856 firae
1491 780 1766 883 Venetia-,qua-

460 917 541 966 rum
568 914 644 965 tam
662 882 911 989 infrequentes
933 895 970 962 δι
990 908 1066 961 tam
1087 884 1218 982 jejuna
1236 882 1372 959 exstant
1390 887 1543 962 notitia.
1585 885 1714 963 Habet
1734 888 1765 961 is

459 993 648 1074 historiam
675 990 968 1072 Patriarcharum
993 991 1304 1094 Aquileiensium,
1331 987 1643 1087 Gradensrum,E
1669 988 1765 1069 isco·

459 1128 593 1210 porum
611 1101 896 1178 Torcellensrum
922 1110 960 1177 δι
979 1100 1291 1193 Venetianorum,
1311 1122 1456 1175 necnon
1485 1099 1615 1176 summ.
1633 1019 1765 1178 liono-

460 1210 595 1309 ficum‚
614 1210 879 1314 Imperatorum
903 1216 940 1284 δι
957 1206 1106 1282 Ducum
1126 1265 1138 1300 ,
1164 1201 1290 1286 additi
1307 1202 1407 1280 brevi
1426 1206 1636 1286 narratione
1653 1203 1766 1285 fami-

460 1316 592 1396 liarum
609 1318 754 1421 aliquot
772 1339 937 1391 verenam
955 1314 1203 1415 patritiorum,
1219 1305 1379 1387 multum
1402 1306 1546 1389 diversa
1560 1315 1606 1394 ab
1618 1315 1661 1392 iis
1680 1341 1765 1420 quae

460 1429 572 1533 vulgo
601 1420 649 1500 de
678 1421 807 1499 iisdem
837 1417 987 1499 familiis
1016 1415 1180 1495 feruntur
1210 1421 1248 1493 in
1276 1418 1460 1524 chronicis
1487 1424 1763 1500 recentioribus.

459 1531 732 1610 Animadvertit
756 1529 832 1636 ipse
860 1531 912 1604 D.
927 1527 1123 1630 Apostolus
1142 1527 1286 1621 Zenus,
1303 1522 1520 1603 Dandulum
1542 1529 1578 1603 in
1600 1528 1764 1624 historia,

460 1666 573 1744 quam
592 1639 738 1715 circiter
756 1663 895 1715 annum
918 1662 1010 1736 1350.
1028 1627 1474 1737 scripsit,frequenriffime
1494 1633 1594 1713 istius
1607 1636 1673 1714 scri
1706 1659 1765 1709 to-

459 1748 507 1822 ris
527 1747 623 1823 libro
651 1758 688 1827 δι
714 1746 964 1822 monumentis
986 1740 1105 1817 usum.
1148 1739 1265 1841 Cujus
1283 1742 1454 1843 anonymi
1478 1739 1584 1844 stylus
1608 1662 1762 1819 subiat-

462 1849 566 1931 barus
588 1867 627 1934 &
647 1855 856 1954 incomptus
878 1847 948 1941 est,
966 1874 1007 1922 ac
1026 1845 1142 1925 saculi
1165 1845 1264 1922 istius
1281 1845 1543 1952 inelegantiam
1562 1851 1652 1927 olet.

513 1962 556 2038 ln
575 1957 712 2036 eodem
734 1954 865 2034 musaeo
879 1952 1087 2031 Tarvisrano
1108 1952 1221 2029 exstat
1237 1951 1384 2029 historia
1401 1954 1605 2031 Veneriano
1630 1981 1763 2032 manu·

461 2065 593 2173 scripta
613 2064 744 2145 Latine
772 2067 1025 2169 eleganterque
1052 2083 1197 2135 exarata
1223 2087 1320 2135 anno
1341 2086 1444 2156 1424.
1471 2057 1492 2135 *a
1518 2068 1698 2139 Laurentio
1720 2063 1762 2137 de

460 2190 600 2252 Monrcr
627 2171 859 2253 Cancellario
889 2195 1026 2274 magno
1052 2169 1155 2274 regni
1176 2164 1383 2260 Cretens15‚
1406 2167 1507 2267 cujus
1530 2196 1609 2272 pars
1632 2168 1764 2246 solum·

460 2281 573 2356 modo
592 2280 678 2358 cusa
702 2279 785 2357 fuit.
826 2276 948 2353 llllraec
968 2276 1094 2351 omnia
1115 2300 1201 2350 curn
1219 2273 1299 2351 aliis
1318 2272 1412 2348 bene
1430 2276 1554 2350 multis
1573 2276 1671 2354 haud
1692 2279 1764 2354 du-

461 2386 521 2463 bie
543 2390 803 2493 complecietur
829 2385 1002 2461 collectio
1029 2409 1141 2486 quam
1173 2404 1274 2486 parat
1302 2377 1403 2458 idem
1430 2382 1487 2457 vir
1504 2378 1632 2461 declus
1655 2391 1762 2483 Apo-

459 2494 570 2572 stolus
590 2498 740 2589 Zenus‚
761 2492 870 2571 nobis
888 2486 1146 2587 amiciffimus,
1163 2490 1236 2569 hoc
1253 2489 1366 2567 titulo
1388 2518 1398 2564 r
1423 2499 1546 2569 Rerum
1562 2494 1759 2571 Italicarum

458 2612 652 2710 Scriptores.

509 2709 581 2786 Sed
599 2712 778 2813 nusquam
795 2730 886 2815 puto
903 2708 1036 2783 exstare
1056 2729 1114 2783 tor
1131 2706 1277 2785 codices
1302 2702 1350 2783 ad
1368 2703 1553 2783 historiam
1577 2707 1759 2785 Venetia·

458 2843 544 2895 nam
565 2815 785 2922 spectantes,
800 2840 893 2920 quot
912 2817 948 2890 in
970 2812 1106 2892 adibus
1122 2809 1251 2891 clariff.
1271 2814 1338 2889 viri
1350 2815 1507 2890 Comari
1522 2812 1692 2919 Biscopia
1711 2811 1760 2894 ad

458 2950 634 3031 magnum
647 2930 826 3001 canalem.
856 2918 927 2996 Sed
945 2946 1103 3023 quorum
1121 2922 1227 3023 pauci
1246 2919 1414 3026 superant
1429 2943 1613 2997 trecentos
1632 2948 1757 2999 annos.

458 3031 541 3107 Istic
564 3035 767 3109 Oratorum
793 3027 1024 3133 Reipublitae
1044 3025 1160 3106 diaria
1184 3028 1277 3106 bene
1297 3031 1435 3127 multa,
1462 3028 1619 3109 historia
1640 3029 1758 3108 bello-

457 3166 564 3231 rum,
581 3151 620 3218 δι
639 3143 708 3216 alia
733 3134 947 3239 hujusmodi
968 3162 1061 3239 pene
1082 3135 1282 3216 innumera.

511 3248 655 3324 Caetera
675 3249 800 3325 omnia
822 3244 989 3319 Veneriis
1006 3241 1169 3323 vidimus
1196 3274 1278 3350 quae
1295 3249 1502 3354 peregrinos
1519 3271 1647 3324 omnes
1668 3272 1757 3324 evo-

457 3377 544 3429 cant
560 3354 607 3429 ad
625 3356 677 3431 sui
698 3356 937 3459 spetlaculum
949 3407 960 3436 ‚
974 3377 1127 3453 quaque
1146 3357 1205 3429 vel
1224 3357 1291 3435 usu
1305 3354 1450 3460 plebeio
1468 3357 1553 3436 trita
1568 3349 1763 3435 feruntur:

455 3485 500 3537 ea
520 3488 589 3542 nos
605 3488 673 3569 pro
693 3461 864 3545 instituto
885 3459 1008 3540 nostro
1031 3462 1228 3542 mittimus.
