<?xml version="1.0" encoding="UTF-8"?>
<!DOCTYPE html PUBLIC "-//W3C//DTD XHTML 1.0 Transitional//EN"
    "http://www.w3.org/TR/xhtml1/DTD/xhtml1-transitional.dtd">
<html xmlns="http://www.w3.org/1999/xhtml" xml:lang="en" lang="en">
 <head>
  <title>
</title>
<meta http-equiv="Content-Type" content="text/html;charset=utf-8" />
  <meta name='ocr-system' content='tesseract 3.04.00' />
  <meta name='ocr-capabilities' content='ocr_page ocr_carea ocr_par ocr_line ocrx_word'/>
</head>
<body>
  <div class='ocr_page' id='page_1' title='image "./diariumitalicum00montgoog_0160.png"; bbox 0 0 4264 5684; ppageno 0'>
   <div class='ocr_carea' id='block_1_1' title="bbox 1081 428 1887 563">
    <p class='ocr_par' dir='ltr' id='par_1_1' title="bbox 1081 428 1887 563">
     <span class='ocr_line' id='line_1_1' title="bbox 1081 428 1887 563; baseline 0.005 -42"><span class='ocrx_word' id='word_1_1' title='bbox 1081 431 1210 563; x_wconf 78' lang='lat' dir='ltr'>Caput</span> <span class='ocrx_word' id='word_1_2' title='bbox 1237 428 1429 521; x_wconf 64' lang='lat' dir='ltr'>asianum.</span> <span class='ocrx_word' id='word_1_3' title='bbox 1834 471 1887 550; x_wconf 79' lang='lat'>113</span> 
     </span>
    </p>
   </div>
   <div class='ocr_carea' id='block_1_2' title="bbox 577 558 1931 3771">
    <p class='ocr_par' dir='ltr' id='par_1_2' title="bbox 581 558 1931 1635">
     <span class='ocr_line' id='line_1_2' title="bbox 587 558 1889 669; baseline -0.002 -25"><span class='ocrx_word' id='word_1_4' title='bbox 587 566 700 644; x_wconf 83' lang='lat' dir='ltr'>nihil:</span> <span class='ocrx_word' id='word_1_5' title='bbox 720 590 806 642; x_wconf 87' lang='lat' dir='ltr'>nam</span> <span class='ocrx_word' id='word_1_6' title='bbox 826 562 1014 664; x_wconf 85' lang='lat' dir='ltr'>hodieque</span> <span class='ocrx_word' id='word_1_7' title='bbox 1031 580 1134 638; x_wconf 81' lang='lat' dir='ltr'>arcus</span> <span class='ocrx_word' id='word_1_8' title='bbox 1157 589 1296 639; x_wconf 88' lang='lat' dir='ltr'>veteres</span> <span class='ocrx_word' id='word_1_9' title='bbox 1316 558 1715 666; x_wconf 69' lang='lat' dir='ltr'>aquadudl&#39;dsAnicnis</span> <span class='ocrx_word' id='word_1_10' title='bbox 1735 559 1782 639; x_wconf 91' lang='lat' dir='ltr'>ad</span> <span class='ocrx_word' id='word_1_11' title='bbox 1804 592 1889 669; x_wconf 85' lang='lat' dir='ltr'>por-</span> 
     </span>
     <span class='ocr_line' id='line_1_3' title="bbox 588 667 1885 775; baseline -0.001 -25"><span class='ocrx_word' id='word_1_12' title='bbox 588 700 662 750; x_wconf 85' lang='lat' dir='ltr'>tam</span> <span class='ocrx_word' id='word_1_13' title='bbox 675 676 856 773; x_wconf 74' lang='lat' dir='ltr'>Maiorem</span> <span class='ocrx_word' id='word_1_14' title='bbox 875 672 1048 760; x_wconf 86' lang='lat' dir='ltr'>visuntur,</span> <span class='ocrx_word' id='word_1_15' title='bbox 1061 696 1143 773; x_wconf 85' lang='lat' dir='ltr'>quae</span> <span class='ocrx_word' id='word_1_16' title='bbox 1158 667 1311 775; x_wconf 84' lang='lat' dir='ltr'>proinde</span> <span class='ocrx_word' id='word_1_17' title='bbox 1323 669 1510 775; x_wconf 86' lang='lat' dir='ltr'>Esquilina</span> <span class='ocrx_word' id='word_1_18' title='bbox 1526 668 1658 759; x_wconf 86' lang='lat' dir='ltr'>suerit,</span> <span class='ocrx_word' id='word_1_19' title='bbox 1671 698 1754 748; x_wconf 90' lang='lat' dir='ltr'>cum</span> <span class='ocrx_word' id='word_1_20' title='bbox 1771 675 1885 749; x_wconf 83' lang='lat' dir='ltr'>maxi-</span> 
     </span>
     <span class='ocr_line' id='line_1_4' title="bbox 585 775 1885 883; baseline 0 -26"><span class='ocrx_word' id='word_1_21' title='bbox 585 808 647 857; x_wconf 88' lang='lat' dir='ltr'>me</span> <span class='ocrx_word' id='word_1_22' title='bbox 658 783 717 855; x_wconf 88' lang='lat' dir='ltr'>illa</span> <span class='ocrx_word' id='word_1_23' title='bbox 734 783 771 857; x_wconf 89' lang='lat' dir='ltr'>in</span> <span class='ocrx_word' id='word_1_24' title='bbox 787 779 976 883; x_wconf 78' lang='lat' dir='ltr'>Esquilina</span> <span class='ocrx_word' id='word_1_25' title='bbox 991 781 1136 880; x_wconf 85' lang='lat' dir='ltr'>regione</span> <span class='ocrx_word' id='word_1_26' title='bbox 1153 781 1214 858; x_wconf 84' lang='lat' dir='ltr'>fita</span> <span class='ocrx_word' id='word_1_27' title='bbox 1225 775 1372 855; x_wconf 87' lang='lat' dir='ltr'>feratur.</span> <span class='ocrx_word' id='word_1_28' title='bbox 1396 782 1447 856; x_wconf 82' lang='lat' dir='ltr'>Ex</span> <span class='ocrx_word' id='word_1_29' title='bbox 1461 781 1503 858; x_wconf 86' lang='lat' dir='ltr'>iis</span> <span class='ocrx_word' id='word_1_30' title='bbox 1515 780 1604 854; x_wconf 89' lang='lat' dir='ltr'>item</span> <span class='ocrx_word' id='word_1_31' title='bbox 1620 778 1760 856; x_wconf 83' lang='lat' dir='ltr'>constat</span> <span class='ocrx_word' id='word_1_32' title='bbox 1774 779 1885 883; x_wconf 86' lang='lat' dir='ltr'><strong>Spem</strong></span> 
     </span>
     <span class='ocr_line' id='line_1_5' title="bbox 583 881 1885 992; baseline -0.002 -27"><span class='ocrx_word' id='word_1_33' title='bbox 583 912 744 965; x_wconf 82' lang='lat' dir='ltr'>veterem</span> <span class='ocrx_word' id='word_1_34' title='bbox 758 914 871 992; x_wconf 82' lang='lat' dir='ltr'>prope</span> <span class='ocrx_word' id='word_1_35' title='bbox 883 910 1025 990; x_wconf 86' lang='lat' dir='ltr'>portam</span> <span class='ocrx_word' id='word_1_36' title='bbox 1057 914 1136 992; x_wconf 83' lang='lat' dir='ltr'>quae</span> <span class='ocrx_word' id='word_1_37' title='bbox 1154 884 1266 965; x_wconf 91' lang='lat' dir='ltr'>hodie</span> <span class='ocrx_word' id='word_1_38' title='bbox 1276 885 1400 986; x_wconf 79' lang='lat' dir='ltr'>Major</span> <span class='ocrx_word' id='word_1_39' title='bbox 1415 912 1567 964; x_wconf 84' lang='lat' dir='ltr'>vocatur</span> <span class='ocrx_word' id='word_1_40' title='bbox 1579 881 1683 965; x_wconf 78' lang='lat' dir='ltr'>fuisse</span> <span class='ocrx_word' id='word_1_41' title='bbox 1694 921 1703 970; x_wconf 67' lang='grc' dir='ltr'><strong>ς</strong></span> <span class='ocrx_word' id='word_1_42' title='bbox 1713 886 1885 989; x_wconf 87' lang='lat' dir='ltr'>proinde·</span> 
     </span>
     <span class='ocr_line' id='line_1_6' title="bbox 584 992 1886 1099; baseline 0 -27"><span class='ocrx_word' id='word_1_43' title='bbox 584 1021 659 1098; x_wconf 91' lang='lat' dir='ltr'>que</span> <span class='ocrx_word' id='word_1_44' title='bbox 675 993 808 1071; x_wconf 88' lang='lat' dir='ltr'>eodem</span> <span class='ocrx_word' id='word_1_45' title='bbox 825 998 966 1072; x_wconf 81' lang='lat' dir='ltr'>circiter</span> <span class='ocrx_word' id='word_1_46' title='bbox 985 992 1070 1068; x_wconf 90' lang='lat' dir='ltr'>loco</span> <span class='ocrx_word' id='word_1_47' title='bbox 1089 993 1142 1070; x_wconf 80' lang='lat' dir='ltr'>firi</span> <span class='ocrx_word' id='word_1_48' title='bbox 1161 1018 1261 1071; x_wconf 89' lang='lat' dir='ltr'>erant</span> <span class='ocrx_word' id='word_1_49' title='bbox 1275 994 1372 1071; x_wconf 88' lang='lat' dir='ltr'>horti</span> <span class='ocrx_word' id='word_1_50' title='bbox 1386 993 1618 1099; x_wconf 79' lang='lat' dir='ltr'>Heliogabali</span> <span class='ocrx_word' id='word_1_51' title='bbox 1631 1055 1641 1088; x_wconf 90' lang='lat'>,</span> <span class='ocrx_word' id='word_1_52' title='bbox 1655 992 1770 1068; x_wconf 79' lang='lat' dir='ltr'>iidem</span> <span class='ocrx_word' id='word_1_53' title='bbox 1782 994 1886 1072; x_wconf 85' lang='lat' dir='ltr'>enim</span> 
     </span>
     <span class='ocr_line' id='line_1_7' title="bbox 584 1097 1931 1208; baseline -0.001 -30"><span class='ocrx_word' id='word_1_54' title='bbox 584 1103 683 1179; x_wconf 91' lang='lat' dir='ltr'>horti</span> <span class='ocrx_word' id='word_1_55' title='bbox 695 1103 775 1208; x_wconf 82' lang='lat' dir='ltr'>Spei</span> <span class='ocrx_word' id='word_1_56' title='bbox 796 1106 927 1180; x_wconf 82' lang='lat' dir='ltr'>veteris</span> <span class='ocrx_word' id='word_1_57' title='bbox 947 1102 1274 1204; x_wconf 80' lang='lat' dir='ltr'>nuncupabantur,</span> <span class='ocrx_word' id='word_1_58' title='bbox 1293 1097 1396 1203; x_wconf 91' lang='lat' dir='ltr'>quod</span> <span class='ocrx_word' id='word_1_59' title='bbox 1417 1104 1581 1206; x_wconf 84' lang='lat' dir='ltr'>proxime</span> <span class='ocrx_word' id='word_1_60' title='bbox 1598 1103 1776 1205; x_wconf 89' lang='lat' dir='ltr'>templum</span> <span class='ocrx_word' id='word_1_61' title='bbox 1798 1100 1885 1205; x_wconf 86' lang='lat' dir='ltr'>Spei</span> <span class='ocrx_word' id='word_1_62' title='bbox 1929 1124 1931 1127; x_wconf 82' lang='grc'><strong><em>·</em></strong></span> 
     </span>
     <span class='ocr_line' id='line_1_8' title="bbox 584 1206 1882 1313; baseline -0.002 -28"><span class='ocrx_word' id='word_1_63' title='bbox 584 1206 846 1287; x_wconf 82' lang='lat' dir='ltr'>vetetirelsent.</span> <span class='ocrx_word' id='word_1_64' title='bbox 869 1208 1023 1286; x_wconf 86' lang='lat' dir='ltr'>Constat</span> <span class='ocrx_word' id='word_1_65' title='bbox 1033 1209 1220 1312; x_wconf 78' lang='lat' dir='ltr'>Esquilina</span> <span class='ocrx_word' id='word_1_66' title='bbox 1239 1235 1343 1313; x_wconf 89' lang='lat' dir='ltr'>porta</span> <span class='ocrx_word' id='word_1_67' title='bbox 1360 1206 1629 1304; x_wconf 84' lang='lat' dir='ltr'>duobusostiis‚</span> <span class='ocrx_word' id='word_1_68' title='bbox 1639 1234 1801 1310; x_wconf 91' lang='lat' dir='ltr'>quorum</span> <span class='ocrx_word' id='word_1_69' title='bbox 1816 1208 1882 1283; x_wconf 88' lang='lat' dir='ltr'>ho·</span> 
     </span>
     <span class='ocr_line' id='line_1_9' title="bbox 582 1312 1881 1422; baseline -0.002 -31"><span class='ocrx_word' id='word_1_70' title='bbox 582 1314 645 1391; x_wconf 89' lang='lat' dir='ltr'>die</span> <span class='ocrx_word' id='word_1_71' title='bbox 661 1323 816 1393; x_wconf 86' lang='lat' dir='ltr'>alterum</span> <span class='ocrx_word' id='word_1_72' title='bbox 829 1312 1039 1411; x_wconf 88' lang='lat' dir='ltr'>occlusum,</span> <span class='ocrx_word' id='word_1_73' title='bbox 1055 1313 1271 1422; x_wconf 81' lang='lat' dir='ltr'>praefertque</span> <span class='ocrx_word' id='word_1_74' title='bbox 1288 1314 1563 1419; x_wconf 84' lang='lat' dir='ltr'>inscriptionem</span> <span class='ocrx_word' id='word_1_75' title='bbox 1584 1315 1881 1418; x_wconf 77' lang='lat' dir='ltr'>pulcherrimam,</span> 
     </span>
     <span class='ocr_line' id='line_1_10' title="bbox 582 1416 1882 1529; baseline -0.001 -31"><span class='ocrx_word' id='word_1_76' title='bbox 582 1451 654 1526; x_wconf 82' lang='lat' dir='ltr'>qut</span> <span class='ocrx_word' id='word_1_77' title='bbox 672 1450 833 1500; x_wconf 76' lang='lat' dir='ltr'>narratur</span> <span class='ocrx_word' id='word_1_78' title='bbox 856 1427 949 1525; x_wconf 89' lang='lat' dir='ltr'>Imp.</span> <span class='ocrx_word' id='word_1_79' title='bbox 969 1419 1168 1499; x_wconf 87' lang='lat' dir='ltr'>Claudium</span> <span class='ocrx_word' id='word_1_80' title='bbox 1188 1449 1321 1529; x_wconf 86' lang='lat' dir='ltr'>aquam</span> <span class='ocrx_word' id='word_1_81' title='bbox 1341 1419 1542 1499; x_wconf 83' lang='lat' dir='ltr'>Claudiam</span> <span class='ocrx_word' id='word_1_82' title='bbox 1563 1416 1767 1516; x_wconf 77' lang='lat' dir='ltr'>deduxisse,</span> <span class='ocrx_word' id='word_1_83' title='bbox 1786 1418 1882 1499; x_wconf 88' lang='lat' dir='ltr'>Ves-</span> 
     </span>
     <span class='ocr_line' id='line_1_11' title="bbox 581 1527 1203 1635; baseline 0 -28"><span class='ocrx_word' id='word_1_84' title='bbox 581 1532 763 1635; x_wconf 81' lang='lat' dir='ltr'>pasianum</span> <span class='ocrx_word' id='word_1_85' title='bbox 783 1531 970 1608; x_wconf 82' lang='lat' dir='ltr'>&amp;Titum</span> <span class='ocrx_word' id='word_1_86' title='bbox 990 1527 1203 1607; x_wconf 77' lang='lat' dir='ltr'>restaurasse.</span> 
     </span>
    </p>

    <p class='ocr_par' dir='ltr' id='par_1_3' title="bbox 578 1634 1881 2915">
     <span class='ocr_line' id='line_1_12' title="bbox 634 1634 1880 1744; baseline -0.002 -30"><span class='ocrx_word' id='word_1_87' title='bbox 634 1634 696 1714; x_wconf 84' lang='lat' dir='ltr'>Ad</span> <span class='ocrx_word' id='word_1_88' title='bbox 714 1640 841 1714; x_wconf 82' lang='lat' dir='ltr'>larvam</span> <span class='ocrx_word' id='word_1_89' title='bbox 861 1638 1079 1714; x_wconf 82' lang='lat' dir='ltr'>exeuntibus</span> <span class='ocrx_word' id='word_1_90' title='bbox 1091 1635 1239 1716; x_wconf 80' lang='lat' dir='ltr'>offertur</span> <span class='ocrx_word' id='word_1_91' title='bbox 1256 1640 1316 1714; x_wconf 84' lang='lat' dir='ltr'>via</span> <span class='ocrx_word' id='word_1_92' title='bbox 1336 1666 1419 1744; x_wconf 80' lang='lat' dir='ltr'>qua:</span> <span class='ocrx_word' id='word_1_93' title='bbox 1436 1637 1570 1716; x_wconf 90' lang='lat' dir='ltr'>dicitur</span> <span class='ocrx_word' id='word_1_94' title='bbox 1582 1635 1796 1714; x_wconf 77' lang='lat' dir='ltr'>Praenestina</span> <span class='ocrx_word' id='word_1_95' title='bbox 1809 1670 1818 1720; x_wconf 90' lang='lat'>;</span> <span class='ocrx_word' id='word_1_96' title='bbox 1831 1634 1880 1712; x_wconf 86' lang='lat' dir='ltr'>ad</span> 
     </span>
     <span class='ocr_line' id='line_1_13' title="bbox 581 1741 1881 1851; baseline -0.002 -32"><span class='ocrx_word' id='word_1_97' title='bbox 581 1741 768 1820; x_wconf 78' lang='lat' dir='ltr'>dexteram</span> <span class='ocrx_word' id='word_1_98' title='bbox 784 1773 870 1820; x_wconf 90' lang='lat' dir='ltr'>vero</span> <span class='ocrx_word' id='word_1_99' title='bbox 890 1746 1095 1840; x_wconf 83' lang='lat' dir='ltr'>Labicana,</span> <span class='ocrx_word' id='word_1_100' title='bbox 1117 1747 1189 1848; x_wconf 68' lang='lat' dir='ltr'>qua</span> <span class='ocrx_word' id='word_1_101' title='bbox 1208 1748 1282 1821; x_wconf 89' lang='lat' dir='ltr'>itur</span> <span class='ocrx_word' id='word_1_102' title='bbox 1302 1744 1349 1821; x_wconf 89' lang='lat' dir='ltr'>ad</span> <span class='ocrx_word' id='word_1_103' title='bbox 1369 1746 1571 1851; x_wconf 88' lang='lat' dir='ltr'>sepulcrum</span> <span class='ocrx_word' id='word_1_104' title='bbox 1584 1744 1737 1820; x_wconf 82' lang='lat' dir='ltr'>Helenae</span> <span class='ocrx_word' id='word_1_105' title='bbox 1747 1748 1881 1849; x_wconf 82' lang='lat' dir='ltr'>Augu-</span> 
     </span>
     <span class='ocr_line' id='line_1_14' title="bbox 581 1848 1881 1956; baseline 0.001 -31"><span class='ocrx_word' id='word_1_106' title='bbox 581 1850 651 1926; x_wconf 72' lang='lat' dir='ltr'>ssa.</span> <span class='ocrx_word' id='word_1_107' title='bbox 687 1855 803 1928; x_wconf 86' lang='lat' dir='ltr'>Locus</span> <span class='ocrx_word' id='word_1_108' title='bbox 823 1855 897 1952; x_wconf 85' lang='lat' dir='ltr'>jam</span> <span class='ocrx_word' id='word_1_109' title='bbox 921 1860 1028 1927; x_wconf 78' lang='lat' dir='ltr'>turris</span> <span class='ocrx_word' id='word_1_110' title='bbox 1048 1859 1231 1956; x_wconf 72' lang='lat' dir='ltr'>pignatara</span> <span class='ocrx_word' id='word_1_111' title='bbox 1250 1876 1432 1945; x_wconf 89' lang='lat' dir='ltr'>vocatur,</span> <span class='ocrx_word' id='word_1_112' title='bbox 1462 1851 1582 1954; x_wconf 79' lang='lat' dir='ltr'>estque</span> <span class='ocrx_word' id='word_1_113' title='bbox 1601 1852 1712 1926; x_wconf 88' lang='lat' dir='ltr'>altero</span> <span class='ocrx_word' id='word_1_114' title='bbox 1731 1848 1752 1926; x_wconf 63' lang='lat' dir='ltr'>*a</span> <span class='ocrx_word' id='word_1_115' title='bbox 1774 1875 1881 1953; x_wconf 83' lang='lat' dir='ltr'>porta</span> 
     </span>
     <span class='ocr_line' id='line_1_15' title="bbox 580 1954 1877 2062; baseline 0.001 -32"><span class='ocrx_word' id='word_1_116' title='bbox 580 1956 723 2055; x_wconf 71' lang='lat' dir='ltr'>Maiore</span> <span class='ocrx_word' id='word_1_117' title='bbox 741 1961 898 2033; x_wconf 83' lang='lat' dir='ltr'>milliari.</span> <span class='ocrx_word' id='word_1_118' title='bbox 940 1958 1023 2033; x_wconf 84' lang='lat' dir='ltr'>Illic</span> <span class='ocrx_word' id='word_1_119' title='bbox 1038 1960 1164 2034; x_wconf 69' lang='lat' dir='ltr'>creua</span> <span class='ocrx_word' id='word_1_120' title='bbox 1183 1960 1354 2034; x_wconf 69' lang='lat' dir='ltr'>haclenus</span> <span class='ocrx_word' id='word_1_121' title='bbox 1375 1954 1546 2032; x_wconf 86' lang='lat' dir='ltr'>videntur</span> <span class='ocrx_word' id='word_1_122' title='bbox 1565 1959 1726 2058; x_wconf 75' lang='lat' dir='ltr'>reliquia</span> <span class='ocrx_word' id='word_1_123' title='bbox 1751 1958 1877 2062; x_wconf 78' lang='lat' dir='ltr'>magni</span> 
     </span>
     <span class='ocr_line' id='line_1_16' title="bbox 578 2059 1876 2169; baseline 0 -32"><span class='ocrx_word' id='word_1_124' title='bbox 578 2060 721 2141; x_wconf 67' lang='lat' dir='ltr'>edificii</span> <span class='ocrx_word' id='word_1_125' title='bbox 744 2065 899 2141; x_wconf 71' lang='lat' dir='ltr'>rotundi</span> <span class='ocrx_word' id='word_1_126' title='bbox 924 2062 1064 2161; x_wconf 74' lang='lat' dir='ltr'>sormd,</span> <span class='ocrx_word' id='word_1_127' title='bbox 1088 2062 1190 2168; x_wconf 89' lang='lat' dir='ltr'>quod</span> <span class='ocrx_word' id='word_1_128' title='bbox 1208 2065 1363 2140; x_wconf 75' lang='lat' dir='ltr'>Helenae</span> <span class='ocrx_word' id='word_1_129' title='bbox 1385 2065 1554 2169; x_wconf 72' lang='lat' dir='ltr'>Augustae</span> <span class='ocrx_word' id='word_1_130' title='bbox 1574 2063 1799 2140; x_wconf 83' lang='lat' dir='ltr'>mausoleum</span> <span class='ocrx_word' id='word_1_131' title='bbox 1819 2059 1876 2137; x_wconf 89' lang='lat' dir='ltr'>di-</span> 
     </span>
     <span class='ocr_line' id='line_1_17' title="bbox 580 2166 1876 2264; baseline 0.002 -22"><span class='ocrx_word' id='word_1_132' title='bbox 580 2173 702 2264; x_wconf 87' lang='lat' dir='ltr'>citur,</span> <span class='ocrx_word' id='word_1_133' title='bbox 717 2199 792 2247; x_wconf 88' lang='lat' dir='ltr'>non</span> <span class='ocrx_word' id='word_1_134' title='bbox 810 2170 983 2248; x_wconf 86' lang='lat' dir='ltr'>hodierna</span> <span class='ocrx_word' id='word_1_135' title='bbox 1002 2197 1095 2246; x_wconf 87' lang='lat' dir='ltr'>voce</span> <span class='ocrx_word' id='word_1_136' title='bbox 1112 2182 1149 2248; x_wconf 74' lang='grc' dir='ltr'>δι</span> <span class='ocrx_word' id='word_1_137' title='bbox 1166 2169 1285 2255; x_wconf 87' lang='lat' dir='ltr'>fama;</span> <span class='ocrx_word' id='word_1_138' title='bbox 1303 2168 1363 2247; x_wconf 86' lang='lat' dir='ltr'>sed</span> <span class='ocrx_word' id='word_1_139' title='bbox 1382 2167 1402 2246; x_wconf 76' lang='lat' dir='ltr'>d</span> <span class='ocrx_word' id='word_1_140' title='bbox 1421 2172 1526 2247; x_wconf 91' lang='lat' dir='ltr'>mille</span> <span class='ocrx_word' id='word_1_141' title='bbox 1548 2170 1650 2247; x_wconf 87' lang='lat' dir='ltr'>annis</span> <span class='ocrx_word' id='word_1_142' title='bbox 1668 2170 1714 2246; x_wconf 89' lang='lat' dir='ltr'>src</span> <span class='ocrx_word' id='word_1_143' title='bbox 1734 2166 1876 2245; x_wconf 68' lang='lat' dir='ltr'>diuum</span> 
     </span>
     <span class='ocr_line' id='line_1_18' title="bbox 578 2274 1873 2374; baseline 0.002 -25"><span class='ocrx_word' id='word_1_144' title='bbox 578 2280 754 2374; x_wconf 87' lang='lat' dir='ltr'>occurrit,</span> <span class='ocrx_word' id='word_1_145' title='bbox 768 2282 826 2355; x_wconf 90' lang='lat' dir='ltr'>cui</span> <span class='ocrx_word' id='word_1_146' title='bbox 847 2278 959 2354; x_wconf 75' lang='lat' dir='ltr'>haret</span> <span class='ocrx_word' id='word_1_147' title='bbox 980 2279 1154 2354; x_wconf 88' lang='lat' dir='ltr'>sacellum</span> <span class='ocrx_word' id='word_1_148' title='bbox 1174 2276 1298 2355; x_wconf 69' lang='lat' dir='ltr'>recens</span> <span class='ocrx_word' id='word_1_149' title='bbox 1319 2278 1497 2354; x_wconf 73' lang='lat' dir='ltr'>uranum.</span> <span class='ocrx_word' id='word_1_150' title='bbox 1523 2277 1792 2355; x_wconf 79' lang='lat' dir='ltr'>Coemeterium</span> <span class='ocrx_word' id='word_1_151' title='bbox 1813 2274 1873 2352; x_wconf 73' lang='lat'>88.</span> 
     </span>
     <span class='ocr_line' id='line_1_19' title="bbox 579 2382 1878 2490; baseline -0.001 -31"><span class='ocrx_word' id='word_1_152' title='bbox 579 2384 674 2459; x_wconf 88' lang='lat' dir='ltr'>Petri</span> <span class='ocrx_word' id='word_1_153' title='bbox 698 2396 735 2463; x_wconf 70' lang='grc' dir='ltr'>δι</span> <span class='ocrx_word' id='word_1_154' title='bbox 754 2386 963 2461; x_wconf 87' lang='lat' dir='ltr'>Marcellini</span> <span class='ocrx_word' id='word_1_155' title='bbox 982 2386 1062 2460; x_wconf 88' lang='lat' dir='ltr'>istic</span> <span class='ocrx_word' id='word_1_156' title='bbox 1082 2385 1215 2478; x_wconf 78' lang='lat' dir='ltr'>vistur,</span> <span class='ocrx_word' id='word_1_157' title='bbox 1228 2382 1329 2488; x_wconf 91' lang='lat' dir='ltr'>quod</span> <span class='ocrx_word' id='word_1_158' title='bbox 1349 2386 1577 2490; x_wconf 87' lang='lat' dir='ltr'>peramplum</span> <span class='ocrx_word' id='word_1_159' title='bbox 1596 2385 1767 2468; x_wconf 85' lang='lat' dir='ltr'>ell;olim</span> <span class='ocrx_word' id='word_1_160' title='bbox 1787 2387 1878 2458; x_wconf 80' lang='lat' dir='ltr'>inter</span> 
     </span>
     <span class='ocr_line' id='line_1_20' title="bbox 578 2488 1874 2597; baseline 0.001 -35"><span class='ocrx_word' id='word_1_161' title='bbox 578 2489 662 2563; x_wconf 72' lang='lat' dir='ltr'>duas</span> <span class='ocrx_word' id='word_1_162' title='bbox 680 2506 804 2567; x_wconf 74' lang='lat' dir='ltr'>Lauros</span> <span class='ocrx_word' id='word_1_163' title='bbox 824 2489 972 2569; x_wconf 79' lang='lat' dir='ltr'>dietum.</span> <span class='ocrx_word' id='word_1_164' title='bbox 1000 2492 1056 2567; x_wconf 77' lang='lat' dir='ltr'>Eo</span> <span class='ocrx_word' id='word_1_165' title='bbox 1081 2516 1155 2567; x_wconf 91' lang='lat' dir='ltr'>non</span> <span class='ocrx_word' id='word_1_166' title='bbox 1178 2493 1287 2568; x_wconf 89' lang='lat' dir='ltr'>semel</span> <span class='ocrx_word' id='word_1_167' title='bbox 1308 2494 1573 2597; x_wconf 81' lang='lat' dir='ltr'>commigravi,</span> <span class='ocrx_word' id='word_1_168' title='bbox 1596 2488 1656 2567; x_wconf 90' lang='lat' dir='ltr'>sed</span> <span class='ocrx_word' id='word_1_169' title='bbox 1672 2488 1874 2566; x_wconf 82' lang='lat' dir='ltr'>accuratius</span> 
     </span>
     <span class='ocr_line' id='line_1_21' title="bbox 580 2592 1875 2701; baseline 0.002 -34"><span class='ocrx_word' id='word_1_170' title='bbox 580 2592 619 2668; x_wconf 91' lang='lat' dir='ltr'>id</span> <span class='ocrx_word' id='word_1_171' title='bbox 639 2596 861 2673; x_wconf 84' lang='lat' dir='ltr'>lustravimus</span> <span class='ocrx_word' id='word_1_172' title='bbox 883 2599 1097 2701; x_wconf 75' lang='lat' dir='ltr'>13.Januarii</span> <span class='ocrx_word' id='word_1_173' title='bbox 1126 2601 1209 2673; x_wconf 89' lang='lat' dir='ltr'>anni</span> <span class='ocrx_word' id='word_1_174' title='bbox 1233 2626 1331 2696; x_wconf 83' lang='lat'>1701.</span> <span class='ocrx_word' id='word_1_175' title='bbox 1363 2623 1448 2672; x_wconf 89' lang='lat' dir='ltr'>cum</span> <span class='ocrx_word' id='word_1_176' title='bbox 1475 2600 1578 2674; x_wconf 92' lang='lat' dir='ltr'>DD.</span> <span class='ocrx_word' id='word_1_177' title='bbox 1600 2596 1807 2674; x_wconf 84' lang='lat' dir='ltr'>Abbatibus</span> <span class='ocrx_word' id='word_1_178' title='bbox 1828 2592 1875 2669; x_wconf 88' lang='lat' dir='ltr'>de</span> 
     </span>
     <span class='ocr_line' id='line_1_22' title="bbox 581 2703 1876 2808; baseline 0 -31"><span class='ocrx_word' id='word_1_179' title='bbox 581 2704 766 2796; x_wconf 86' lang='lat' dir='ltr'>Louvois,</span> <span class='ocrx_word' id='word_1_180' title='bbox 782 2704 1020 2782; x_wconf 84' lang='lat' dir='ltr'>chaudotio</span> <span class='ocrx_word' id='word_1_181' title='bbox 1038 2730 1157 2806; x_wconf 88' lang='lat' dir='ltr'>neque</span> <span class='ocrx_word' id='word_1_182' title='bbox 1176 2732 1292 2808; x_wconf 90' lang='lat' dir='ltr'>parvo</span> <span class='ocrx_word' id='word_1_183' title='bbox 1307 2705 1484 2781; x_wconf 89' lang='lat' dir='ltr'>comitatu</span> <span class='ocrx_word' id='word_1_184' title='bbox 1504 2737 1513 2781; x_wconf 77' lang='grc' dir='ltr'><strong><em>ε</em></strong></span> <span class='ocrx_word' id='word_1_185' title='bbox 1534 2731 1607 2806; x_wconf 89' lang='lat' dir='ltr'>qua</span> <span class='ocrx_word' id='word_1_186' title='bbox 1624 2703 1684 2780; x_wconf 88' lang='lat' dir='ltr'>die</span> <span class='ocrx_word' id='word_1_187' title='bbox 1701 2704 1876 2807; x_wconf 88' lang='lat' dir='ltr'>imperito</span> 
     </span>
     <span class='ocr_line' id='line_1_23' title="bbox 578 2806 1634 2915; baseline 0.005 -33"><span class='ocrx_word' id='word_1_188' title='bbox 578 2810 627 2885; x_wconf 82' lang='lat' dir='ltr'>usi</span> <span class='ocrx_word' id='word_1_189' title='bbox 651 2806 745 2886; x_wconf 88' lang='lat' dir='ltr'>duce</span> <span class='ocrx_word' id='word_1_190' title='bbox 766 2811 801 2886; x_wconf 92' lang='lat' dir='ltr'>in</span> <span class='ocrx_word' id='word_1_191' title='bbox 819 2815 920 2888; x_wconf 88' lang='lat' dir='ltr'>exitu</span> <span class='ocrx_word' id='word_1_192' title='bbox 937 2806 1153 2915; x_wconf 89' lang='lat' dir='ltr'>reperiundo</span> <span class='ocrx_word' id='word_1_193' title='bbox 1170 2837 1244 2886; x_wconf 92' lang='lat' dir='ltr'>non</span> <span class='ocrx_word' id='word_1_194' title='bbox 1262 2836 1392 2913; x_wconf 91' lang='lat' dir='ltr'>parum</span> <span class='ocrx_word' id='word_1_195' title='bbox 1412 2838 1531 2914; x_wconf 74' lang='lat' dir='ltr'>opera</span> <span class='ocrx_word' id='word_1_196' title='bbox 1550 2809 1634 2887; x_wconf 89' lang='lat' dir='ltr'>fuir.</span> 
     </span>
    </p>

    <p class='ocr_par' dir='ltr' id='par_1_4' title="bbox 577 2916 1876 3771">
     <span class='ocr_line' id='line_1_24' title="bbox 639 2916 1876 3020; baseline -0.002 -26"><span class='ocrx_word' id='word_1_197' title='bbox 639 2918 722 3019; x_wconf 82' lang='lat' dir='ltr'>Ejus</span> <span class='ocrx_word' id='word_1_198' title='bbox 745 2917 866 2995; x_wconf 84' lang='lat' dir='ltr'>aditus</span> <span class='ocrx_word' id='word_1_199' title='bbox 894 2943 1007 3019; x_wconf 85' lang='lat' dir='ltr'>atque</span> <span class='ocrx_word' id='word_1_200' title='bbox 1028 2942 1169 2992; x_wconf 84' lang='lat' dir='ltr'>meatus</span> <span class='ocrx_word' id='word_1_201' title='bbox 1196 2917 1427 2994; x_wconf 87' lang='lat' dir='ltr'>sublimiores</span> <span class='ocrx_word' id='word_1_202' title='bbox 1457 2916 1542 2993; x_wconf 86' lang='lat' dir='ltr'>sunt</span> <span class='ocrx_word' id='word_1_203' title='bbox 1572 2944 1686 3020; x_wconf 85' lang='lat' dir='ltr'>quam</span> <span class='ocrx_word' id='word_1_204' title='bbox 1724 2916 1764 2992; x_wconf 92' lang='lat' dir='ltr'>in</span> <span class='ocrx_word' id='word_1_205' title='bbox 1792 2916 1876 2992; x_wconf 89' lang='lat' dir='ltr'>reli-</span> 
     </span>
     <span class='ocr_line' id='line_1_25' title="bbox 579 3014 1876 3132; baseline -0.001 -34"><span class='ocrx_word' id='word_1_206' title='bbox 579 3023 659 3125; x_wconf 86' lang='lat' dir='ltr'>quis</span> <span class='ocrx_word' id='word_1_207' title='bbox 679 3025 913 3103; x_wconf 80' lang='lat' dir='ltr'>eoemcteriis.</span> <span class='ocrx_word' id='word_1_208' title='bbox 945 3014 1112 3129; x_wconf 77' lang='lat' dir='ltr'>Longids</span> <span class='ocrx_word' id='word_1_209' title='bbox 1131 3022 1299 3132; x_wconf 82' lang='lat' dir='ltr'>progressi</span> <span class='ocrx_word' id='word_1_210' title='bbox 1320 3022 1517 3100; x_wconf 83' lang='lat' dir='ltr'>incidimur</span> <span class='ocrx_word' id='word_1_211' title='bbox 1545 3025 1581 3100; x_wconf 91' lang='lat' dir='ltr'>in</span> <span class='ocrx_word' id='word_1_212' title='bbox 1602 3024 1759 3102; x_wconf 67' lang='lat' dir='ltr'>edificia</span> <span class='ocrx_word' id='word_1_213' title='bbox 1781 3047 1876 3126; x_wconf 87' lang='lat' dir='ltr'>qua-</span> 
     </span>
     <span class='ocr_line' id='line_1_26' title="bbox 578 3126 1875 3234; baseline 0.002 -30"><span class='ocrx_word' id='word_1_214' title='bbox 578 3126 667 3226; x_wconf 88' lang='lat' dir='ltr'>dra,</span> <span class='ocrx_word' id='word_1_215' title='bbox 689 3159 769 3234; x_wconf 71' lang='lat' dir='ltr'>quae</span> <span class='ocrx_word' id='word_1_216' title='bbox 789 3132 1014 3212; x_wconf 82' lang='lat' dir='ltr'>Christianos</span> <span class='ocrx_word' id='word_1_217' title='bbox 1041 3128 1223 3208; x_wconf 89' lang='lat' dir='ltr'>sactorum</span> <span class='ocrx_word' id='word_1_218' title='bbox 1252 3128 1333 3208; x_wconf 95' lang='lat' dir='ltr'>usui</span> <span class='ocrx_word' id='word_1_219' title='bbox 1360 3133 1450 3208; x_wconf 89' lang='lat' dir='ltr'>olim</span> <span class='ocrx_word' id='word_1_220' title='bbox 1470 3128 1653 3234; x_wconf 81' lang='lat' dir='ltr'>deputasse</span> <span class='ocrx_word' id='word_1_221' title='bbox 1673 3127 1797 3207; x_wconf 89' lang='lat' dir='ltr'>fertur.</span> <span class='ocrx_word' id='word_1_222' title='bbox 1829 3131 1875 3206; x_wconf 89' lang='lat' dir='ltr'>ln</span> 
     </span>
     <span class='ocr_line' id='line_1_27' title="bbox 577 3234 1874 3344; baseline -0.001 -33"><span class='ocrx_word' id='word_1_223' title='bbox 577 3237 800 3338; x_wconf 88' lang='lat' dir='ltr'>quibusdam</span> <span class='ocrx_word' id='word_1_224' title='bbox 837 3242 1056 3344; x_wconf 70' lang='lat' dir='ltr'>piclurarum</span> <span class='ocrx_word' id='word_1_225' title='bbox 1086 3241 1249 3343; x_wconf 82' lang='lat' dir='ltr'>reliquiae</span> <span class='ocrx_word' id='word_1_226' title='bbox 1277 3234 1462 3343; x_wconf 89' lang='lat' dir='ltr'>supersunt</span> <span class='ocrx_word' id='word_1_227' title='bbox 1486 3239 1579 3314; x_wconf 91' lang='lat' dir='ltr'>olim</span> <span class='ocrx_word' id='word_1_228' title='bbox 1608 3238 1629 3315; x_wconf 66' lang='lat' dir='ltr'>*a</span> <span class='ocrx_word' id='word_1_229' title='bbox 1655 3236 1874 3316; x_wconf 81' lang='lat' dir='ltr'>Christianis</span> 
     </span>
     <span class='ocr_line' id='line_1_28' title="bbox 577 3342 1874 3451; baseline 0 -34"><span class='ocrx_word' id='word_1_230' title='bbox 577 3347 827 3443; x_wconf 75' lang='lat' dir='ltr'>concinnatae,</span> <span class='ocrx_word' id='word_1_231' title='bbox 849 3349 973 3449; x_wconf 86' lang='lat' dir='ltr'>quales</span> <span class='ocrx_word' id='word_1_232' title='bbox 1000 3347 1248 3451; x_wconf 85' lang='lat' dir='ltr'>depinguntur</span> <span class='ocrx_word' id='word_1_233' title='bbox 1277 3349 1312 3423; x_wconf 92' lang='lat' dir='ltr'>in</span> <span class='ocrx_word' id='word_1_234' title='bbox 1337 3347 1459 3422; x_wconf 74' lang='lat' dir='ltr'>Romal</span> <span class='ocrx_word' id='word_1_235' title='bbox 1480 3342 1727 3435; x_wconf 83' lang='lat' dir='ltr'>subterranea,</span> <span class='ocrx_word' id='word_1_236' title='bbox 1747 3368 1874 3418; x_wconf 88' lang='lat' dir='ltr'>earum</span> 
     </span>
     <span class='ocr_line' id='line_1_29' title="bbox 578 3446 1872 3556; baseline -0.001 -31"><span class='ocrx_word' id='word_1_237' title='bbox 578 3455 761 3527; x_wconf 76' lang='lat' dir='ltr'>nonnulla</span> <span class='ocrx_word' id='word_1_238' title='bbox 785 3478 890 3530; x_wconf 78' lang='lat' dir='ltr'>atate</span> <span class='ocrx_word' id='word_1_239' title='bbox 911 3450 1208 3556; x_wconf 86' lang='lat' dir='ltr'>humiditateque</span> <span class='ocrx_word' id='word_1_240' title='bbox 1232 3456 1303 3529; x_wconf 92' lang='lat' dir='ltr'>loci</span> <span class='ocrx_word' id='word_1_241' title='bbox 1325 3450 1548 3528; x_wconf 67' lang='lat' dir='ltr'>labefaslatae</span> <span class='ocrx_word' id='word_1_242' title='bbox 1561 3482 1570 3526; x_wconf 92' lang='lat'><strong>:</strong></span> <span class='ocrx_word' id='word_1_243' title='bbox 1585 3452 1662 3529; x_wconf 77' lang='lat' dir='ltr'>alia</span> <span class='ocrx_word' id='word_1_244' title='bbox 1679 3451 1728 3526; x_wconf 87' lang='lat' dir='ltr'>ab</span> <span class='ocrx_word' id='word_1_245' title='bbox 1747 3446 1872 3524; x_wconf 86' lang='lat' dir='ltr'>neseio</span> 
     </span>
     <span class='ocr_line' id='line_1_30' title="bbox 579 3554 1873 3664; baseline 0.002 -35"><span class='ocrx_word' id='word_1_246' title='bbox 579 3583 656 3658; x_wconf 88' lang='lat' dir='ltr'>quo</span> <span class='ocrx_word' id='word_1_247' title='bbox 676 3557 780 3635; x_wconf 76' lang='lat' dir='ltr'>erasa</span> <span class='ocrx_word' id='word_1_248' title='bbox 793 3558 841 3633; x_wconf 89' lang='lat' dir='ltr'>de</span> <span class='ocrx_word' id='word_1_249' title='bbox 853 3556 1025 3635; x_wconf 88' lang='lat' dir='ltr'>industria</span> <span class='ocrx_word' id='word_1_250' title='bbox 1039 3563 1225 3664; x_wconf 70' lang='lat' dir='ltr'>expunsla&#39;</span> <span class='ocrx_word' id='word_1_251' title='bbox 1253 3589 1299 3635; x_wconf 90' lang='lat' dir='ltr'>ue</span> <span class='ocrx_word' id='word_1_252' title='bbox 1316 3557 1432 3639; x_wconf 88' lang='lat' dir='ltr'>fuere.</span> <span class='ocrx_word' id='word_1_253' title='bbox 1465 3559 1606 3635; x_wconf 82' lang='lat' dir='ltr'>Eodem</span> <span class='ocrx_word' id='word_1_254' title='bbox 1629 3558 1734 3651; x_wconf 90' lang='lat' dir='ltr'>loco,</span> <span class='ocrx_word' id='word_1_255' title='bbox 1752 3554 1873 3661; x_wconf 87' lang='lat' dir='ltr'>egesta</span> 
     </span>
     <span class='ocr_line' id='line_1_31' title="bbox 577 3587 1875 3771; baseline -0.002 -33"><span class='ocrx_word' id='word_1_256' title='bbox 577 3658 774 3767; x_wconf 73' lang='lat' dir='ltr'>effossaque</span> <span class='ocrx_word' id='word_1_257' title='bbox 795 3666 909 3742; x_wconf 90' lang='lat' dir='ltr'>humo</span> <span class='ocrx_word' id='word_1_258' title='bbox 934 3662 1191 3771; x_wconf 85' lang='lat' dir='ltr'>inscriptiones</span> <span class='ocrx_word' id='word_1_259' title='bbox 1214 3587 1413 3744; x_wconf 76' lang='lat' dir='ltr'>identidem</span> <span class='ocrx_word' id='word_1_260' title='bbox 1432 3689 1602 3740; x_wconf 86' lang='lat' dir='ltr'>eruuntur</span> <span class='ocrx_word' id='word_1_261' title='bbox 1619 3696 1630 3740; x_wconf 74' lang='grc' dir='ltr'>ι</span> <span class='ocrx_word' id='word_1_262' title='bbox 1648 3662 1875 3766; x_wconf 80' lang='lat' dir='ltr'>smgularita·</span> 
     </span>
    </p>
   </div>
   <div class='ocr_carea' id='block_1_3' title="bbox 579 3766 1873 3958">
    <p class='ocr_par' dir='ltr' id='par_1_5' title="bbox 579 3766 1873 3958">
     <span class='ocr_line' id='line_1_32' title="bbox 579 3766 1873 3958; baseline 0.002 -115"><span class='ocrx_word' id='word_1_263' title='bbox 579 3772 626 3958; x_wconf 45' lang='lat' dir='ltr'>{ies</span> <span class='ocrx_word' id='word_1_264' title='bbox 635 3799 734 3958; x_wconf 54' lang='lat' dir='ltr'>serppp</span> <span class='ocrx_word' id='word_1_265' title='bbox 748 3770 933 3957; x_wconf 53' lang='lat' dir='ltr'>kpenasdam</span> <span class='ocrx_word' id='word_1_266' title='bbox 954 3772 1016 3855; x_wconf 80' lang='lat' dir='ltr'>hic</span> <span class='ocrx_word' id='word_1_267' title='bbox 1032 3777 1255 3883; x_wconf 76' lang='lat' dir='ltr'>proterimus</span> <span class='ocrx_word' id='word_1_268' title='bbox 1276 3838 1288 3874; x_wconf 95' lang='lat'>,</span> <span class='ocrx_word' id='word_1_269' title='bbox 1314 3780 1411 3885; x_wconf 89' lang='lat' dir='ltr'>prior</span> <span class='ocrx_word' id='word_1_270' title='bbox 1436 3770 1605 3854; x_wconf 86' lang='lat' dir='ltr'>nonnihil</span> <span class='ocrx_word' id='word_1_271' title='bbox 1631 3769 1783 3851; x_wconf 81' lang='lat' dir='ltr'>barbara</span> <span class='ocrx_word' id='word_1_272' title='bbox 1801 3766 1873 3869; x_wconf 84' lang='lat' dir='ltr'>cst,</span> 
     </span>
     <span class='ocr_line' id='line_1_33' title="bbox 648 3905 833 3958; baseline 0.011 -2"><span class='ocrx_word' id='word_1_273' title='bbox 648 3906 681 3956; x_wconf 84' lang='lat' dir='ltr'>rc</span> <span class='ocrx_word' id='word_1_274' title='bbox 725 3909 743 3957; x_wconf 84' lang='lat' dir='ltr'>a</span> <span class='ocrx_word' id='word_1_275' title='bbox 794 3905 833 3958; x_wconf 85' lang='lat' dir='ltr'>t:</span> 
     </span>
    </p>
   </div>
   <div class='ocr_carea' id='block_1_4' title="bbox 0 0 2136 5684">
    <p class='ocr_par' dir='ltr' id='par_1_6' title="bbox 0 0 2136 5684">
     <span class='ocr_line' id='line_1_34' title="bbox 0 0 2136 5684; baseline 0 6"><span class='ocrx_word' id='word_1_276' title='bbox 0 0 2136 5684; x_wconf 95' lang='lat' dir='ltr'> </span> 
     </span>
    </p>
   </div>
  </div>
 </body>
</html>
