4180 5684
375 418 455 515 436
843 394 1035 488 niarium
1056 392 1261 490 Italicum

374 524 515 636 Estque
544 522 785 637 ineleganter
810 520 949 635 scripta
973 532 1013 606 &
1045 521 1182 604 fabulis
1214 519 1388 635 respersa.

427 638 613 719 Ptolomaei
629 634 901 715 Astronomica
916 639 957 715 in
977 634 1113 717 codice
1134 665 1213 716 xiv.
1234 634 1367 717 saeculi.

425 750 494 830 De
512 747 592 828 aliis
610 742 778 851 ejusdem
796 744 1043 828 bibliotheca
1063 745 1261 826 codicibus
1286 746 1436 830 duobus
1456 745 1494 827 su
1524 755 1621 833 erius
1642 778 1704 834 ao

374 880 458 938 tum
479 859 534 941 est
557 895 565 938 :
583 855 765 939 videlicet
783 856 965 940 Timothei
983 858 1034 940 de
1053 854 1294 959 Haerefibus,
1321 867 1361 939 &
1381 859 1430 941 de
1449 776 1702 944 rinnathi

371 971 465 1049 nafii
476 972 757 1049 commentario
768 972 808 1048 in
820 963 999 1051 Psalmos.
1031 971 1183 1049 Omnes
1195 994 1314 1078 porro
1325 978 1533 1053 memorati
1547 970 1700 1057 coiiices

373 1075 607 1161 Graecisunt.
638 1079 979 1189 Permultiquealii
994 1084 1167 1163 Venetiis
1183 1082 1484 1192 circumquaque
1502 1080 1614 1195 sparsi
1633 1115 1699 1166 oc-

372 1216 553 1295 currunt5
574 1220 661 1271 cum
680 1197 782 1273 enim
802 1196 964 1272 evicino
1007 1192 1102 1271 ofita
1119 1192 1273 1271 Graecia
1292 1191 1354 1292 sit,
1371 1194 1543 1273 &multa
1553 1193 1699 1276 ibidem

368 1299 457 1382 loca
466 1308 627 1386 Venetis
645 1327 829 1415 pareant,
848 1301 941 1381 hinc
977 1307 1102 1383 auum
1121 1326 1165 1383 ut
1184 1301 1311 1381 accisis
1333 1305 1564 1386 Graecorum
1582 1306 1700 1388 rebus

367 1413 481 1493 multi
502 1416 656 1496 codices
675 1414 770 1495 illuc
785 1418 979 1525 exportati
995 1412 1147 1494 fuerint.
1179 1416 1261 1492 Hic
1278 1411 1446 1524 adjicere
1461 1415 1578 1499 liceat
1590 1416 1696 1497 codi,

369 1553 458 1605 cum
479 1526 763 1609 anecdotorum
784 1530 960 1637 copiam,
980 1551 1098 1635 quam
1123 1523 1253 1603 multis
1270 1550 1319 1605 ex
1336 1525 1587 1609 Bibliothecis
1609 1556 1697 1608 cor.

365 1636 455 1717 ralit
475 1642 532 1717 vir
552 1638 685 1719 doeens
698 1636 822 1745 justus
850 1640 1087 1716 Fontaninus
1113 1661 1241 1735 meus,
1259 1663 1482 1749 magnaque
1497 1668 1585 1752 pars
1610 1636 1691 1752 spe.

368 1752 474 1828 ciant
495 1749 547 1828 ad
566 1749 762 1828 historiam
781 1742 1065 1858 Aquileienlem
1081 1752 1244 1830 Venetae
1264 1745 1429 1829 ditionis,

420 1860 577 1941 Nicolai
603 1861 748 1970 Canufii
771 1860 820 1939 de
845 1858 1085 1941 restitutione
1106 1860 1240 1969 patrie
1269 1853 1447 1940 adversus
1470 1864 1529 1944 M.
1558 1862 1695 1943 Anto.

365 1974 472 2050 nium
496 1971 737 2053 Sabellicum.

420 2096 549 2167 Marii
564 2080 842 2194 franchiscliinii
854 2081 903 2163 de
915 2082 1183 2191 conjuratione
1202 2084 1461 2185 Baiamontis,
1480 2082 1687 2199 Tlreupoli

427 2204 581 2276 Antonii
600 2197 741 2278 Beffoni
759 2197 845 2273 vitae
866 2194 1182 2273 patriarcharum
1199 2192 1520 2304 Aquileiensium.

419 2316 522 2388 Petri
543 2301 721 2387 Blesenfis
740 2305 790 2387 de
810 2304 1033 2385 testimon-iis
1053 2304 1154 2385 fidei.

417 2417 592 2527 Epistola
610 2427 765 2501 Antonii
780 2428 973 2500 Pancernae
989 2415 1223 2498 Patriarchae
1241 2415 1542 2529 Aquileiensisin
1554 2420 1690 2503 codice

362 2528 523 2609 membr.

417 2645 688 2723 Romanorum
717 2638 951 2721 Pontificum
979 2649 1018 2722 δέ
1045 2638 1199 2752 collegii
1221 2639 1489 2722 Cardinalium
1510 2642 1690 2754 quaedam

362 2756 465 2833 circa
478 2748 635 2831 schisma
657 2755 762 2833 Petri
781 2752 829 2833 de
848 2756 968 2833 luna.

415 2869 699 2975 Imperatorum
719 2868 930 2975 &Regum
948 2869 1116 2946 francia
1136 2864 1186 2947 de
1201 2866 1344 2946 eodem
1364 2890 1606 2979 argumento:

417 2980 614 3056 lntimatio
639 2974 805 3056 Concilii
831 2972 974 3076 Pisani,
995 2972 1222 3087 &ejusdem
1242 2973 1433 3088 processus
1458 3002 1597 3057 contra
1616 2979 1689 3058 Pe-

360 3088 521 3169 trumde
534 3091 662 3189 Luna,
682 3086 927 3199 &Angelum
950 3092 1201 3191 Corrariunr,
1219 3089 1502 3171 contendentes
1521 3089 1571 3169 de
1591 3092 1691 3169 Pon-

359 3198 516 3281 tilicatu.

412 3310 677 3421 Dynastarum
694 3308 1010 3420 Forojulienlrum
1023 3312 1237 3391 &aliorum
1250 3316 1352 3391 circa
1364 3310 1694 3393 patriarcharum

358 3428 403 3505 ln
425 3423 500 3505 fine
523 3423 644 3505 exstat
664 3451 824 3503 carmen
842 3419 1012 3525 Jobanmi
1035 3418 1201 3534 episcopi
1222 3421 1445 3502 Ostunensis
1466 3425 1505 3500 in
1532 3421 1692 3503 laudem

358 3537 588 3647 patriarchae
618 3536 780 3614 Antonii
801 3572 809 3614 :
827 3543 866 3615 &
890 3530 1093 3613 observatu
1114 3535 1232 3644 digna
1255 3533 1434 3644 quaedam
1453 3559 1501 3615 ex
1525 3533 1694 3645 epistolis

358 3648 533 3749 Promisti
557 3646 766 3730 patriarchia.
799 3645 939 3727 Codex
959 3640 1116 3756 scriptus
1131 3674 1234 3725 anno
1257 3676 1353 3752 1415.

412 3764 572 3873 Qine‘lii
593 3760 791 3839 AEmiliani
812 3756 1009 3840 Cimbriaci
1029 3762 1210 3837 carmina.

414 3870 633 3950 Concilium
652 3868 889 3981 provinciale
917 3870 1122 3981 Raymundi
1141 3903 1167 3947 a
1189 3882 1226 3952 T
1226 3899 1302 3948 erre
1321 3866 1555 3947 Patriarchae
1569 3870 1691 3980 Aqui-

361 3980 507 4062 leiensis
529 4010 631 4060 anno
652 3990 749 4061 1282.

415 4096 515 4175 Dell’
534 4103 661 4203 origine
678 4094 762 4173 dcffe
779 4097 977 4197 investitura
994 4092 1040 4186 ἔγ
1060 4094 1100 4171 dr
1109 4092 1214 4195 feudi
1229 4093 1323 4171 della
1339 4102 1468 4197 patria
1493 4092 1560 4171 del
1576 4094 1694 4179 Friuli

360 4208 397 4283 di
414 4208 585 4288 Danieffo
599 4202 768 4306 Fabriqio
780 4204 827 4280 da
845 4206 981 4285 Udine.

416 4316 645 4427 Defirirg‘one
664 4315 719 4392 dei
736 4314 829 4417 pirffl
843 4315 900 4391 del
914 4329 947 4397 F
949 4316 1032 4393 riuli
1043 4378 1054 4408 ,
1072 4315 1109 4391 di
1124 4322 1254 4418 Jacopo
1275 4326 1319 4395 V
1314 4312 1491 4419 alvafime.

415 4428 561 4513 Succeffi
576 4429 667 4503 nella
684 4438 807 4527 patria
827 4426 884 4503 del
900 4424 1118 4535 Fn'ulisoito
1137 4456 1222 4504 xiv.
1244 4416 1444 4529 patriamht'
1471 4426 1689 4533 d’Aquili’ia

362 4538 420 4614 del
435 4538 608 4646 medofimo
626 4550 669 4615 V
666 4537 756 4612 alva
772 4566 839 4613 one.

418 4648 592 4735 Senodus
608 4652 648 4726 B.
668 4646 861 4728 Bertmndi
881 4644 1107 4753 patriarcha:
1126 4642 1386 4751 Aquileiensis

421 4748 594 4865 S'ynodus
616 4770 661 4835 N
664 4758 767 4833 rioldi
779 4756 1004 4863 patriarcha
1015 4754 1262 4863 Aquileiensis
1276 4784 1379 4835 armo
1393 4786 1426 4859 13
1433 4787 1489 4863 57.
1508 4759 1598 4837 Erat
1614 4760 1690 4838 Ni.-

363 4871 492 4949 colans
510 4868 574 4948 ille
595 4867 798 4950 Bertrancli
819 4873 1023 4946 memorati
1042 4863 1238 4945 loci-ullor,
