4422 5692
433 493 517 573 204
878 460 1065 553 Diart'um
1097 461 1289 551 Italicum.

430 589 570 663 tentius
589 584 626 658 in
646 585 864 662 craticulam
885 589 1072 693 conjeclus
1087 584 1167 683 est,
1186 590 1364 691 aiuntque
1374 588 1561 667 craticula
1569 615 1715 698 partem

430 690 509 769 illic
533 686 711 768 ass'ervari.
738 696 789 769 Ex
807 697 893 769 aclis
911 721 1026 800 porro
1039 697 1070 771 S.
1084 691 1714 778 Laurentiihabemusibidemolim

430 797 531 877 fuili'e
551 797 715 875 thermas
742 798 990 907 Olympiadis.
1018 804 1102 877 Fuit
1120 798 1184 877 illa
1200 827 1222 879 e
1241 827 1399 880 numero
1418 829 1520 883 xxiv.
1539 804 1717 885 Abbatia-

429 935 514 985 rum
533 904 643 983 Urbis
662 970 672 1006 ,
697 908 775 1011 jani
794 909 920 986 titulus
940 906 1206 988 Cardinalitius
1225 971 1235 1004 ,
1260 908 1432 1016 ceffitque
1452 911 1665 1021 Virginibus
1682 919 1714 996 S.

431 1012 564 1093 Clarae.

383 1143 406 1178 ‘³
482 1125 792 1202 Funnrurus
831 1127 1036 1203 Vnccn.
1076 1128 1169 1231 Quo
1194 1122 1282 1200 loco
1308 1122 1374 1200 sita
1394 1125 1470 1227 jam
1490 1125 1543 1204 est
1561 1128 1716 1209 ecclesia

383 1253 407 1289 >³
431 1232 463 1305 S.
489 1232 678 1307 Laurentii
698 1233 737 1305 in
755 1232 856 1309 Pane
878 1238 916 1309 δι
942 1234 1092 1327 Perna,
1121 1227 1184 1307 nib
1201 1230 1334 1340 grandi
1352 1229 1496 1310 fornice
1513 1261 1631 1311 vacuo
1649 1239 1714 1316 dc.

383 1360 407 1393 ³³
429 1334 609 1442 prehensa
627 1337 695 1414 fuit
712 1364 734 1414 a
750 1341 1010 1438 capitaneo,cui
1028 1366 1168 1416 nomen
1180 1337 1516 1454 joannesJacobus
1534 1346 1713 1422 interam-

383 1466 406 1500 ³³
430 1469 521 1542 nas,
545 1443 664 1522 statua
682 1509 692 1543 ‚
710 1443 873 1524 humaui
894 1450 1121 1553 proceritatc
1142 1445 1259 1552 duplo
1278 1449 1426 1550 major,
1446 1473 1493 1525 ex
1509 1474 1711 1552 marmore,

383 1574 407 1609 ²³
430 1573 472 1627 ut
488 1576 627 1629 vocant
646 1616 657 1650 ‚
678 1552 839 1661 diopane
858 1596 868 1650 3
888 1579 932 1629 ac
950 1548 1014 1631 sub
1032 1551 1286 1650 MonasteriO,
1302 1558 1437 1633 Martis
1455 1554 1710 1659 simulacrum,

382 1682 405 1717 ν’
428 1659 644 1764 quindecim
689 1658 794 1736 almis
812 1658 954 1757 altum,
974 1687 1249 1738 marmoreum:
1267 1660 1371 1768 quod
1392 1661 1602 1740 Cardinalis
1623 1668 1709 1746 Fer.

380 1790 404 1824 ‘³
427 1766 592 1846 rarienfis
611 1687 792 1847 Triurem
812 1832 822 1863 ,
843 1766 892 1843 ad
910 1767 1013 1845 horti
1029 1763 1079 1844 sui
1098 1792 1362 1846 ornamentum
1379 1831 1390 1863 ,
1407 1768 1543 1847 advehi
1555 1777 1707 1852 curavit.

378 1896 403 1933 ‘⁵
424 1872 569 1955 Eodem
587 1873 673 1950 loco
690 1871 850 1953 fornices
866 1870 1069 1954 fornicibus
1085 1873 1246 1985 impositi
1263 1873 1399 1957 detecti
1410 1871 1511 1974 sunt,
1527 1882 1636 1955 variis
1646 1909 1706 1959 or.

379 2004 403 2040 ’³
425 1978 572 2057 natibus
589 1980 768 2060 decorati.

477 2090 574 2165 Hac
594 2090 769 2168 videntur
787 2086 836 2166 ad
853 2085 1018 2165 thermas
1037 2086 1276 2197 Olympiadis
1294 2085 1515 2197 pertinuiiie.
1546 2091 1710 2173 Ecclesia

425 2200 457 2274 S.
479 2197 668 2276 Laurentii
687 2200 726 2273 in
745 2188 967 2300 Panispema
986 2260 996 2292 ,
1014 2194 1221 2274 vocabatur
1235 2196 1440 2303 antiquitus
1453 2210 1488 2273 in
1501 2201 1707 2301 Fomonso,

424 2329 500 2407 quo
520 2306 673 2384 nomine
693 2301 863 2412 infignita
889 2299 959 2380 fuit
985 2297 1117 2380 saeculo
1135 2330 1267 2402 nono,
1294 2308 1425 2382 vitiato
1451 2301 1574 2384 forsan
1593 2302 1706 2386 voca.

424 2406 514 2485 bulo
532 2436 554 2485 a
572 2409 656 2487 foro
680 2412 892 2505 montium,
909 2408 1085 2488 videlicet
1108 2405 1280 2517 Esquilini
1304 2476 1314 2508 ,
1338 2411 1535 2489 Viminalis
1552 2422 1591 2490 &
1609 2419 1705 2598 (fini.

423 2514 548 2592 riualis
564 2581 575 2615 ‚
592 2521 679 2627 quia
692 2515 770 2595 istic
786 2520 822 2597 in
842 2544 959 2599 unum
978 2521 1079 2596 coire
1089 2517 1273 2598 videntur.
1294 2517 1406 2599 Unde
1416 2523 1551 2598 tractus
1561 2518 1622 2597 hic
1668 2552 1703 2601 r-

424 2619 507 2721 bis,
527 2637 670 2704 Montes
686 2623 821 2703 dicitur
842 2667 851 2723 3
870 2631 908 2702 ὃ(
929 2649 951 2703 e
970 2628 1093 2702 vicino
1112 2622 1166 2705 est
1185 2628 1217 2710 S.
1238 2627 1363 2704 Maria
1380 2639 1416 2702 in
1434 2626 1705 2709 Montibustin.

423 2730 515 2807 cola
525 2759 677 2839 quoquc
687 2730 885 2811 vernacula
895 2728 1020 2841 lingua
1030 2731 1251 2811 Monttccioli
1260 2731 1445 2809 dicuntur.
1464 2736 1592 2811 Statua
1603 2737 1707 2813 Mar-

422 2839 467 2914 tis
485 2862 508 2913 a
525 2836 708 2917 Flaminio
723 2860 934 2919 memorata
950 2832 1159 2948 pertinuiiie
1179 2842 1303 2946 potuit
1319 2839 1365 2916 ad
1386 2837 1580 2921 adiculam
1598 2845 1702 2921 Mar.

422 2946 489 3040 tn,
506 2972 587 3050 qua¹
605 2972 627 3022 a
644 2944 746 3027 Rufo
761 2941 1099 3027 recenseturinhac
1110 2947 1240 3051 quinta
1248 2943 1360 3024 Vrbis
1374 2948 1537 3052 regione.

476 3049 564 3131 Post
583 3058 729 3133 venitur
744 3059 781 3131 in
803 3056 926 3132 vicum
946 3055 1005 3128 cui
1022 3050 1164 3129 Subura
1178 3078 1343 3131 nomen:
1365 3050 1631 3131 dicuntantem
1643 3081 1704 3161 pe.

421 3160 500 3254 riti,
514 3157 695 3238 Suburam
714 3158 762 3237 ab
780 3164 940 3265 antiquis
958 3153 1195 3265 scriptoribus
1205 3181 1476 3257 memoratam,
1493 3159 1626 3267 procul
1635 3161 1701 3241 ista

420 3262 563 3343 Subura
579 3264 763 3345 hodierna
773 3260 883 3346 fuisse.
903 3260 1278 3374 Qaderesuperius.

373 3394 396 3430 ¹³
471 3375 539 3449 Fr
561 3399 587 3449 n
610 3399 846 3453 M1N1Us
871 3378 909 3451 V
931 3398 958 3449 Α
979 3397 1002 3449 c
1022 3397 1046 3448 c
1066 3398 1104 3451 n.
1139 3375 1184 3449 ln
1208 3371 1306 3448 clivo
1324 3366 1564 3477 Esquiliarum
1582 3372 1702 3454 versus

372 3500 397 3536 ‘³
420 3476 629 3578 Suburam,
649 3484 801 3559 memini
829 3482 881 3558 D.
910 3480 1078 3563 Leonem
1109 3481 1316 3557 Strozzium
1335 3476 1462 3558 eruiiie
1479 3476 1618 3587 septem
1629 3481 1699 3560 sta.

372 3608 397 3643 ‘³
420 3608 500 3663 tuas
521 3584 686 3666 humana
707 3590 934 3696 proceritate
963 3583 1079 3692 duplo
1104 3586 1293 3688 majores,
1316 3612 1406 3691 quas
1435 3585 1539 3667 dono
1554 3596 1699 3696 accepit

373 3714 397 3749 ‘³
419 3719 575 3798 magnus
591 3696 781 3775 Hetruriac
795 3690 1532 3801 Dux·,tuncCardinalis,Romaeagens.
1550 3696 1698 3774 Verlrm

373 3819 397 3856 ’³
419 3798 635 3877 nobiiiffima
652 3806 819 3878 omnium
835 3798 904 3877 fuit
926 3798 1109 3907 Apollinis
1126 3796 1265 3894 statua,
1279 3825 1391 3905 quam
1409 3799 1472 3905 ipsi
1487 3800 1698 3901 restauravi,

373 3926 397 3962 ’³
420 3910 610 4013 quopacio
626 3908 702 4013 jain
714 3907 861 3987 videtur
871 3902 1216 4016 iningreiiuPalatii
1230 3901 1405 4016 suipropc
1415 3910 1642 3989 Trinitatem
1658 3914 1697 3990 in

373 4032 397 4068 ’³
417 4015 496 4092 imo
515 4012 733 4094 cochlearia
749 4013 862 4097 scalae.

471 4120 588 4203 Haud
604 4120 734 4226 procul
750 4119 803 4200 est
819 4124 927 4198 turris
945 4120 1139 4197 Comitum
1151 4147 1253 4224 qua,
1268 4143 1310 4195 ut
1325 4122 1449 4195 verior
1467 4118 1541 4197 fert
1555 4124 1695 4226 opinio,

415 4252 587 4337 tempore
602 4232 811 4311 innocentii
832 4230 896 4307 ill.
916 4224 1050 4305 strusta
1068 4225 1145 4304 fuit.
1164 4229 1267 4302 Huic
1287 4228 1464 4331 proximo:
1480 4220 1561 4301 sunt
1581 4225 1694 4329 cujul-

416 4338 504 4413 dam
521 4361 593 4410 arae
608 4358 673 4411 aut
687 4357 764 4415 tem
794 4332 818 4412 li
834 4336 976 4436 antiqui
997 4338 1120 4410 ruina.
1141 4330 1419 4436 Aiuntquidam
1431 4327 1499 4409 elic
1511 4332 1692 4437 ternplum

415 4442 602 4521 Telluris:
630 4440 704 4517 hoc
730 4361 807 4515 ill)
835 4440 932 4515 ducii
956 4462 1179 4541 argumento
1204 4501 1214 4533 ‚
1240 4437 1343 4541 quod
1376 4442 1412 4512 in
1439 4436 1509 4515 istis
1529 4440 1693 4544 partibus

415 4549 596 4663 templum
615 4546 818 4663 quodpiam
835 4526 1106 4623 Tellurisiuilie
1122 4541 1263 4621 feratur
1274 4578 1281 4619 :
1293 4542 1510 4623 astimarem
1522 4571 1694 4652 egotctn-

413 4656 518 4767 plum
534 4651 694 4737 Telluris
710 4650 812 4735 luisse
828 4650 1023 4735 ecclesiam
1042 4654 1075 4730 S.
1096 4648 1293 4733 Salvatotis
1313 4648 1535 4750 inTeilure,
1555 4654 1694 4761 quaead
