4060 5700
803 430 839 510 Ρ
861 424 895 512 R
919 423 977 510 AE
1001 424 1035 511 F
1060 427 1097 511 A
1118 423 1156 509 T
1175 425 1203 512 Ι
1222 429 1269 513 0.

375 556 487 687 gorii
512 544 677 648 facessit
702 594 712 650 ε
737 586 880 646 annus
912 559 1034 648 enim
1062 547 1231 649 ibidem
1252 540 1491 681 affignatur
1514 582 1541 646 a
1566 564 1691 649 crea·

376 697 500 785 tione
536 689 693 785 mundi
716 725 799 814 350.
832 685 1028 820 intellige
1050 709 1125 815 top
1144 669 1286 809 unul,
1310 682 1354 781 id
1375 685 1464 808 est,
1473 687 1694 807 strandum

362 825 695 957 strppurarionem
717 856 908 956 parram.
939 831 1025 919 Cui
1053 819 1190 915 additi
1214 817 1269 916 de
1287 857 1413 919 more
1439 832 1547 919 anni
1574 869 1691 952 1240.

379 957 1107 1092 annumChristiexprimunt1590.
1123 958 1696 1089 Atvixputcmtamrecen-

378 1128 472 1194 tem
488 1098 704 1198 codicem.
723 1099 806 1197 Sed
819 1131 865 1194 ut
885 1095 1057 1231 planior
1080 1087 1339 1193 difficultatis
1352 1096 1495 1196 nodus
1511 1099 1697 1225 evadat,

378 1267 475 1330 non
484 1230 561 1332 abs
574 1269 620 1329 re
633 1243 716 1331 erit
725 1268 1077 1331 commemorare
1088 1222 1263 1327 Ebraeos
1275 1268 1699 1371 nonnumquaman·

380 1404 462 1468 nos
486 1407 512 1465 a
534 1381 757 1468 creatione
784 1370 941 1468 mundi
965 1378 1089 1499 juxta
1115 1362 1237 1463 suam
1257 1364 1408 1503 palsrm
1427 1382 1473 1469 in
1495 1387 1699 1509 Synago-

381 1516 447 1643 gis
465 1542 564 1604 rece
597 1503 1056 1644 tamsupputationem
1072 1504 1530 1643 annotare‚adpos1tis
1554 1511 1698 1610 mille·

381 1651 515 1741 uariis
529 1701 541 1766 ·,
557 1543 620 1744 sc
640 1642 780 1745 Biblia
796 1653 1017 1748 Vaticana
1034 1679 1155 1740 anno
1173 1643 1328 1739 mundi
1351 1681 1463 1772 5⁰55·
1481 1643 1697 1782 descripta

382 1773 586 1880 feruntur
623 1818 665 1918 p·
697 1828 792 1908 277.
847 1784 1003 1880 Codex
1035 1788 1276 1879 Avicennae
1302 1791 1548 1906 Bononiae,
1578 1820 1701 1882 anno

384 1917 544 2018 mundi
561 1942 692 2046 4946.
712 1914 981 2054 conscriptus
1005 1918 1174 2016 dicitur.
1219 1918 1449 2015 Interdum
1470 1954 1577 2017 vero
1594 1934 1704 2020 caci.

384 2064 439 2153 tis
456 2054 737 2177 millenariis,
761 2090 972 2154 centenos
995 2048 1138 2151 soltim
1164 2069 1209 2149 δι
1234 2047 1537 2189 subsequentes
1557 2065 1705 2156 mino.

385 2227 454 2291 res
479 2228 704 2290 annorum
729 2227 940 2289 numeros
968 2184 1220 2326 erprimunt
1238 2267 1252 2307 ,
1270 2222 1318 2285 ut
1334 2198 1380 2286 in
1404 2188 1705 2294 Ambrofiano

386 2329 545 2427 codice
570 2365 663 2466 quo
678 2329 733 2427 de
749 2364 869 2428 nunc
887 2339 1205 2464 agitur,atque
1223 2337 1270 2425 in
1285 2321 1431 2424 bibliis
1456 2340 1706 2430 Bononien-

386 2459 528 2589 sibus,
544 2502 641 2605 quae
661 2501 829 2564 annum
849 2464 1063 2566 exhibent
1075 2511 1157 2594 953.
1174 2460 1354 2562 subaudi
1365 2499 1521 2601 quater
1532 2464 1708 2565 millefi-

388 2639 516 2702 mum
546 2599 938 2739 nongentesimum
969 2597 1387 2741 quinquagesimum
1414 2614 1609 2704 tertium.
1655 2614 1708 2705 In

390 2734 692 2839 Ambrofiano
704 2775 855 2839 autem
868 2740 1041 2865 codice,
1055 2750 1135 2878 qui
1150 2776 1317 2837 annum
1332 2742 1487 2837 mundi
1502 2780 1580 2870 350.
1597 2778 1709 2878 prae.

390 2875 475 2977 fert
490 2960 504 3003 ‚
522 2877 637 2974 adde
666 2877 961 2976 millenarium
980 2878 1139 3012 &lege
1165 2887 1399 3015 quinquies
1424 2874 1711 2978 millesimum

392 3007 755 3114 trecentesimum
775 3009 1210 3152 quinquagesimum.
1237 3025 1287 3111 In
1306 3008 1554 3143 hujusmodi
1578 3026 1712 3151 igitur

395 3149 575 3249 calculis
597 3145 840 3248 secundum
858 3148 1214 3287 supputationem
1232 3153 1589 3288 parvam,modo
1603 3190 1714 3288 qua-

396 3319 496 3386 tuor
515 3287 790 3413 millenaria,
812 3292 952 3385 modo
969 3299 1170 3426 quinque
1194 3322 1410 3389 tacentur.
1442 3299 1492 3386 ln
1514 3288 1714 3408 Ambroz

397 3421 525 3523 siano
551 3459 699 3523 autem
719 3427 877 3522 codice
904 3459 998 3522 non
1017 3424 1189 3558 possunt
1208 3458 1400 3561 quatuor
1415 3424 1553 3524 millia
1570 3462 1714 3525 anno-

397 3599 499 3660 rum
525 3556 750 3698 supplerj3
783 3556 844 3658 fic
865 3571 984 3659 enim
1014 3596 1136 3659 anno
1161 3561 1323 3664 Christi
1350 3603 1438 3687 590.
1468 3562 1717 3701 conscripta

397 3692 574 3800 fuissent
593 3694 846 3826 hujusmodi
880 3696 1028 3797 biblia.
1079 3701 1190 3833 Qae
1212 3694 1314 3797 sane
1339 3690 1439 3798 {aetas
1460 3735 1553 3798 non
1573 3701 1716 3835 potest

399 3832 732 3939 Mediolanensi
770 3830 1067 3971 manuscripto
1109 3871 1403 3971 competere,
1454 3835 1720 3975 nullumque

400 3973 526 4117 adeot
539 3974 758 4070 vetustum
787 3984 836 4069 in
864 3970 972 4072 orbe
1005 4009 1248 4110 comparet.
1293 3985 1336 4070 Si
1362 4011 1471 4073 vero
1491 3970 1721 4107 supplean-

402 4143 473 4207 tur
502 4121 703 4246 quinque
731 4107 1001 4229 millenaria,
1024 4147 1165 4208 annus
1193 4109 1355 4210 Christi
1385 4120 1581 4239 159o.uti
1609 4108 1721 4207 dixi-

403 4281 502 4346 mus
530 4327 545 4369 ‚
575 4257 844 4381 exprimitur.
893 4249 979 4346 Sed
1016 4280 1108 4344 tam
1139 4283 1364 4345 recentem
1398 4245 1600 4343 codicem
1636 4246 1722 4342 effe

403 4383 652 4485 nullatenus
678 4384 984 4481 aestimandum
1010 4429 1021 4484 ε
1051 4383 1248 4522 alioquin
1264 4421 1337 4479 me
1361 4393 1408 4480 in
1434 4418 1623 4477 nurnero
1654 4418 1724 4478 er.

402 4518 514 4622 calle
541 4534 612 4618 vix
646 4526 858 4643 credam,
890 4553 999 4618 nota
1031 4533 1153 4620 enim
1189 4518 1418 4656 perspicuis
1455 4521 1607 4615 litteris
1636 4515 1726 4615 des-

403 4664 548 4793 cripta
577 4658 666 4787 cst3
688 4697 827 4797 quare
852 4653 1040 4793 suspicor
1062 4663 1277 4767 mendum
1299 4649 1575 4763 amanuensis
1597 4662 1726 4754 vitio·

1451 4831 1466 4891 1
1491 4830 1534 4920 ιι]
