4422 5692
415 445 491 520 216
900 424 1088 522 Diarium
1111 431 1313 525 Italicum.

413 551 607 634 Miracula
626 552 786 634 Archan
813 554 984 638 elotum(
993 563 1091 641 Vita
1101 555 1216 641 sanus
1237 562 1363 641 Lucae.
1392 561 1570 643 Nomina
1592 570 1632 649 ὅ(
1650 563 1738 647 loca

413 663 479 742 ubi
499 661 676 775 Apostoli
694 581 962 776 praedicarunt.
983 672 1085 751 Item
1102 670 1151 751 de
1169 670 1385 782 Prophetis,

470 774 610 854 Codex
630 804 654 853 x
666 805 718 854 iv.
735 771 882 879 saculi,
905 778 1057 882 Jodunit
1072 781 1290 894 Damasceni
1305 810 1425 893 opera
1440 783 1716 897 philosophica

470 885 611 965 Codex
628 914 696 964 xv.
711 879 833 966 saeculr
858 889 1204 993 membranaceus,
1230 894 1270 969 in
1314 922 1365 971 uo
1386 894 1601 975 chronicon
1621 895 1738 979 breve

413 993 463 1075 ab
482 999 590 1074 initio
608 995 744 1075 mundi
760 996 810 1076 ad
821 993 1137 1112 usqueJoannetu
1146 921 1374 1085 Tzimiiden.
1391 1009 1616 1087 Erotemata
1634 1034 1736 1117 quac·

414 1104 517 1185 dam.
543 1107 740 1216 Hippolyti
765 1106 912 1190 Thebaei
932 1110 1119 1192 Chronici
1135 1110 1409 1223 fragmentum.
1428 1120 1611 1229 Anastaſst
1634 1144 1736 1226 qua:-

414 1214 519 1295 dam.
535 1220 636 1297 Vita:
657 1216 952 1336 Prophetarum.
978 1221 1217 1304 Ecclefiastes
1234 1230 1273 1303 &
1292 1226 1465 1305 Cantica.
1533 1252 1536 1257 ’

471 1325 611 1406 Codex
640 1355 704 1408 xi.
732 1330 853 1409 iaeculi
879 1331 1224 1434 membranaceus,
1245 1338 1378 1444 inquo
1399 1334 1609 1416 Pandeebes
1625 1342 1737 1419 variis

414 1461 462 1516 ex
481 1434 574 1514 locis
593 1439 753 1519 Patrum
773 1440 1065 1524 consarcinatus.
1087 1443 1205 1524 Multi
1222 1440 1439 1551 hujuiinodi
1458 1446 1658 1527 Pandeetae
1675 1476 1739 1527 va-

413 1551 477 1737 piis
500 1549 541 1625 in
561 1545 804 1632 bibliothecis
822 1549 907 1634 sunt
924 1597 936 1662 5
956 1550 1021 1638 sed
1040 1554 1191 1635 nulium
1209 1553 1389 1636 hactenus
1409 1557 1488 1637 vidi
1505 1554 1616 1638 alteri
1636 1557 1735 1638 simi.

433 1685 505 1737 em.

471 1768 611 1881 Codex
637 1768 891 1880 bombycinus
919 1806 1016 1859 xiv.
1046 1774 1176 1858 saeculi.
1215 1781 1341 1875 A’rapt'tt
1368 1774 1392 1859 ἓ
1416 1777 1594 1871 inuadat
1622 1786 1738 1898 ἠχε-

414 1877 580 1960 ffltxo'ssvv
597 1877 789 1987 Kttmpa'oet
809 1892 870 1973 ‘tiit
895 1888 1152 1977 sammonico
1181 1892 1245 1977 riis
1268 1888 1368 1990 coeit
1385 1892 1426 1970 ‘td
1441 1891 1561 1997 A’ppc'ro
1590 1891 1735 1997 {sporcio

415 2000 461 2075 εἰς
481 1989 550 2075 dui
563 1993 790 2096 Smtffl'auxht
805 1999 878 2094 &a
896 2005 1054 2083 Initium
1073 2001 1251 2090 manebus
1270 2003 1427 2101 timidi.
1449 2010 1471 2086 i.
1491 2006 1737 2117 Andreaefitn·

413 2106 553 2194 fltffimi
579 2108 821 2219 archiepiscopi
846 2110 1013 2222 Caesareae
1039 2116 1273 2220 Cappadociae
1296 2117 1349 2194 ad
1369 2141 1516 2196 montem
1535 2123 1738 2229 Argeum,

411 2230 650 2319 interpretatio
666 2231 702 2296 in
718 2220 951 2332 Apocalypfin
966 2285 978 2318 ,
996 2221 1068 2317 &a
1090 2222 1219 2306 cusum
1239 2254 1333 2337 opus
1351 2255 1439 2306 cum
1459 2257 1483 2306 o
1512 2226 1637 2307 eribus
1656 2223 1737 2305 san-

413 2332 462 2408 ai
483 2330 641 2440 Joannis
660 2324 954 2439 Chrysostomi,
978 2342 1018 2418 be
1042 2335 1210 2419 Andreae
1237 2338 1413 2418 Cretenfi
1441 2255 1558 2448 vuigo
1587 2337 1738 2449 adjudi-

415 2464 536 2518 (latus.

470 2553 515 2629 In
535 2549 670 2629 codice
692 2552 991 2636 membranaceo
1011 2552 1234 2659 x1.saeculi,
1255 2557 1353 2638 liber
1370 2557 1648 2640 institutorum.

467 2664 569 2741 Vita:
597 2665 955 2773 Sanctorum'atque
977 2671 1231 2776 Martyrum,
1257 2673 1297 2745 in
1324 2663 1511 2778 plerisque
1542 2667 1740 2748 codicibus

410 2799 446 2850 x.
465 2780 503 2852 ὅ(
522 2800 576 2851 xi.
591 2766 954 2875 saecttli,membran.
975 2778 1117 2857 Eorum
1137 2806 1233 2858 unus
1250 2774 1638 2892 descriptusferturin
1651 2778 1741 2879 fine,

411 2909 516 2961 anno
536 2883 670 2962 mundi
691 2892 751 2989 653
759 2914 785 2990 5.
805 2884 846 2963 id
865 2885 920 2966 est
935 2885 1079 2967 Christi
1101 2917 1208 2993 1027.

469 2997 514 3072 In
533 2993 681 3074 duobus
699 2994 894 3076 codicibus
915 3001 1000 3077 vitre
1017 3000 1075 3079 SS.
1098 3000 1268 3079 Patrum.
1288 3003 1333 3079 In
1350 2998 1427 3079 alio
1440 2998 1736 3111 Apophtegma-

413 3128 455 3184 ta
474 3131 620 3185 eorum.

471 3219 514 3294 ln
534 3214 610 3293 alio
630 3244 715 3327 pars
735 3217 1066 3300 Constitutionum
1084 3219 1409 3330 Apostolicarum.

470 3324 576 3404 Libri
597 3327 771 3409 chorales
787 3358 866 3407 non
887 3331 999 3439 pauci
1016 3333 1187 3439 antiqui,
1206 3361 1295 3410 cum
1314 3338 1414 3411 notis
1432 3330 1481 3409 ad
1503 3355 1660 3410 cantum
1672 3332 1742 3409 Ec-

414 3435 662 3516 clefiasticum
680 3433 930 3551 spectantibus
958 3483 968 3543 5
998 3467 1164 3547 quorum
1191 3438 1384 3555 specimen
1411 3508 1423 3544 ,
1460 3445 1553 3522 Deo
1590 3439 1740 3540 dante,

415 3546 665 3661 proferemus.

474 3658 744 3771 Menologium
765 3725 778 3761 ,
798 3657 872 3739 sive
898 3661 1226 3775 Martyroiogiuin
1244 3694 1279 3746 x.
1301 3690 1368 3746 aut
1389 3694 1413 3743 x
1427 3694 1452 3746 1.
1467 3658 1743 3764 {aculensem-

419 3768 663 3851 branaceum.

476 3884 722 3988 Synaxarium
743 3887 781 3958 ὅ(
802 3884 972 3991 typicum
995 3885 1025 3963 S.
1048 3883 1304 3969 Bartholomaet'
1318 3886 1467 3967 abbatis
1479 3881 1746 3995 Cryptaferra-

422 3989 534 4070 teniis
551 4057 562 4089 ,
581 3996 619 4068 in
639 3992 773 4070 codice
792 3990 1102 4074 membranaceo

470 4106 720 4209 Synaxariuin
740 4129 923 4211 magnum
943 4132 1017 4182 xii.
1037 4102 1158 4183 sacculi
1176 4110 1215 4184 in
1235 4108 1323 4188 cod.
1342 4107 1555 4187 membran.

479 4211 586 4292 Libri
602 4240 794 4295 canonum
814 4212 892 4289 duo
911 4278 923 4313 ,
947 4217 985 4291 in
1034 4244 1170 4294 uorum
1191 4246 1269 4295 uno
1290 4224 1373 4299 adia
1388 4245 1526 4297 contra
1549 4220 1747 4313 Severum2

424 4321 638 4403 membran.
658 4352 731 4404 xrr.
755 4325 908 4400 circiter
923 4243 1056 4404 [cciiii.

476 4432 669 4514 Collectio
690 4450 883 4511 'canonum
903 4432 1043 4512 Graeca
1061 4435 1202 4515 decimi
1218 4432 1341 4518 saecuii
1364 4507 1375 4542 ‚
1402 4444 1442 4517 iu
1463 4438 1599 4518 codice
1624 4460 1749 4513 mem·

420 4542 625 4634 branaceo

479 4645 1752 4765 Incodieex11.saecuhmemhran.NomocanonDoxapatris‚juffu

415 4764 575 4869 Joannis
592 4769 784 4847 Connteni
798 4764 1050 4877 impeditum
1064 4831 1074 4864 ,
1089 4791 1130 4844 ut
1142 4793 1188 4845 ex
1200 4767 1312 4847 titulo
1330 4766 1442 4871 fides,
1453 4795 1543 4847 nam
1556 4765 1603 4842 fic
1614 4761 1753 4841 habet:

1512 4872 1704 4996 Napoffio
