4414 5692
940 447 1513 584 Capatdtcimumfiptimum.
1791 489 1861 570 239

560 577 694 661 officiis
708 579 931 691 plerumque
948 581 1040 660 culti
1055 577 1177 659 sumus
1196 645 1206 680 ,
1230 606 1303 661 nec
1349 606 1445 659 auca
1460 578 1670 659 institutum
1692 573 1860 661 nostrum

562 688 764 800 speciantia
780 694 963 788 mutuati,
979 713 1021 766 ut
1039 693 1079 765 in
1097 690 1234 767 Diario
1250 715 1274 799 p
1335 717 1376 769 m
1395 712 1582 768 narratur.

615 802 660 877 ln
678 797 917 878 Bibliotheca
935 789 1101 982 pjusdem
1119 796 1398 897 Eminentilhmi
1407 792 1669 881 Cardinalishi
1678 797 1788 905 pauci
1798 819 1859 874 co-

558 903 662 985 dices
679 932 778 986 ame
799 909 923 984 notati
956 926 1034 984 unt.

609 1020 718 1094 Titus
733 1027 865 1095 Livius
882 1010 1036 1124 scriptus
1045 1039 1152 1093 <anno
1173 1039 1283 1118 1449.

608 1121 792 1224 Sallustius
809 1116 974 1230 ejusdem
991 1126 1120 1202 aetatiS.

604 1228 797 1309 Salvianus
814 1228 980 1338 ejusdem
998 1234 1125 1309 atatis,

605 1340 697 1414 Vita
712 1337 922 1419 Alexandri
939 1340 1024 1418 VII.
1045 1363 1113 1447 per
1135 1335 1251 1418 Card
1268 1334 1532 1419 Palavicimm.

606 1444 753 1525 Eodem
772 1451 907 1526 itinere
922 1449 1141 1554 pervenitur
1162 1449 1202 1523 in
1220 1443 1388 1554 plateam
1406 1442 1447 1520 dr
1465 1453 1606 1524 Sciarra
1618 1444 1756 1521 didam
1769 1506 1779 1541 ,
1790 1440 1853 1522 ubi

552 1549 682 1631 multa
700 1578 873 1634 veterum
890 1576 1229 1633 monumentorum
1247 1550 1414 1660 reliquiae
1433 1544 1671 1658 deprehensa
1688 1545 1792 1649 sunt,
1809 1573 1854 1630 ut

550 1663 683 1737 audior
699 1660 754 1740 est
764 1660 967 1741 Flaminius
975 1666 1116 1743 Vacca.
1399 1710 1401 1713 ν

606 1766 740 1847 Platea
763 1769 802 1845 di
826 1779 969 1851 Sciarra
995 1795 1137 1849 nomen
1162 1788 1336 1846 mutuata
1352 1763 1407 1846 est
1423 1790 1445 1843 a
1464 1767 1610 1845 Sciarra
1630 1763 1851 1867 Columna,
1873 1783 1898 1823 ⁰⁸

549 1878 616 1986 qui
633 1872 713 1954 istic
729 1876 822 1955 olim
836 1874 1044 1956 habitabat.
1087 1875 1236 1956 Ibidem
1253 1876 1348 1975 ,Pio
1365 1877 1434 1952 lV.
1452 1871 1639 1954 Pontifice
1660 1939 1673 1975 ,
1700 1898 1852 1984 reperta
1872 1891 1899 1929 “

549 1985 633 2059 lunt
652 1981 760 2062 arctis
780 1982 932 2064 Claudii
949 1981 1191 2094 fragmenta,
1223 2007 1337 2091 atque
1364 1978 1525 2058 historia
1550 1976 1700 2091 sculpta:
1722 2047 1734 2081 ,
1761 2011 1849 2062 cum
1871 1997 1897 2037 ‘⁸

549 2091 660 2169 icone
678 2117 893 2172 marmorea
910 2085 1076 2199 ejusdem
1092 2089 1255 2171 Claudii.
1274 2092 1372 2171 Haec
1390 2090 1850 2198 emitD.JoannesGeor.
1870 2107 1896 2143 “

547 2200 629 2303 gius
650 2192 854 2279 Caesarinus
870 2266 882 2301 ,
901 2198 1094 2308 hodieque
1109 2203 1149 2277 in
1167 2195 1265 2276 illius
1282 2196 1398 2276 horto
1417 2260 1429 2296 ,
1444 2200 1618 2305 proxime
1636 2200 1670 2277 S.
1691 2198 1848 2277 Petrum
1868 2214 1895 2250 “

547 2305 588 2380 in
606 2305 777 2384 Vinculis
794 2373 805 2408 ,
823 2308 944 2417 posita
958 2304 1050 2386 sunt.
1078 2304 1244 2389 Relidua
1260 2303 1562 2416 fragmentorum
1580 2302 1675 2384 mihi
1692 2332 1847 2415 compa
1869 2320 1894 2357 ‘¹

546 2416 655 2511 ravi,
687 2413 822 2521 quibus
849 2415 1093 2524 exportandis
1122 2439 1276 2494 centurn
1302 2417 1458 2522 triginta
1480 2407 1542 2492 sex
1561 2409 1703 2490 vicibus
1721 2439 1848 2491 carrus
1869 2427 1895 2464 ‘⁴

548 2543 725 2598 oneratus
742 2520 806 2602 est.
851 2527 998 2602 Totum
1018 2549 1112 2632 opus
1130 2548 1177 2602 ex
1198 2546 1391 2601 marmore
1410 2518 1575 2630 gentili,
1603 2517 1696 2598 basis
1723 2515 1845 2599 solum
1868 2536 1893 2572 ‘¹

547 2650 595 2702 ex
621 2622 764 2737 saligno
788 2652 881 2709 erat.
918 2632 1033 2709 Pauci
1051 2633 1141 2708 anui
1166 2625 1250 2707 sunt
1273 2627 1390 2707 strues
1414 2652 1655 2728 marmorea,
1683 2625 1845 2707 historiis
1866 2642 1892 2679 “

545 2733 768 2845 anaglyphis
779 2736 911 2817 onusta
929 2803 940 2839 ,
958 2764 1041 2846 quae
1056 2763 1163 2815 arcus
1178 2735 1275 2814 latur
1288 2734 1449 2815 alterum
1469 2730 1540 2814 effe
1553 2731 1774 2837 videbatur,
1790 2731 1846 2815 so·
1865 2750 1891 2788 ‘⁶

545 2837 585 2917 lo
601 2843 845 2950 prominebat
863 2881 873 2924 ε
891 2844 981 2925 inde
1009 2868 1056 2924 ue
1074 2842 1204 2953 postea
1216 2841 1344 2923 ablata
1361 2869 1385 2920 a
1401 2844 1586 2924 Romanis
1603 2847 1760 2944 omnia,
1785 2869 1842 2922 at.
1865 2854 1890 2895 “

546 2954 675 3054 quein
692 2949 808 3059 plano
826 2948 931 3031 scalae
949 2947 974 3030 s
1016 2950 1171 3031 limiorir
1184 2976 1282 3060 ,qua
1297 2956 1374 3030 itur
1388 2947 1673 3060 inCapitolium
1684 2954 1843 3062 ,inopus
1864 2965 1891 3004 ‘⁴

545 3056 703 3136 admota
721 3050 813 3139 sunt
1844 3062 1888 3109 ’θ’

597 3167 627 3244 E
643 3168 768 3243 vicino
787 3166 841 3247 est
857 3166 1014 3248 ecclesia
1033 3169 1067 3247 S.
1086 3166 1291 3267 Marcelli,
1310 3193 1388 3275 quo
1414 3164 1503 3245 loco
1521 3163 1615 3244 olim
1635 3162 1843 3245 Marcellus

545 3269 650 3457 Papa
666 3275 841 3353 curandis
856 3273 1040 3385 equilibus
1056 3274 1257 3387 deputatus
1272 3271 1337 3354 est.
1351 3272 1416 3354 Ad
1432 3271 1593 3353 alteram
1612 3275 1686 3351 vici
1692 3296 1842 3383 partem

543 3404 591 3457 ex
625 3404 665 3458 at
690 3380 847 3461 ecclesia
875 3387 908 3463 S.
925 3386 1059 3463 Mariae
1083 3396 1120 3462 in
1143 3384 1329 3476 vialata,
1347 3379 1568 3461 avicoolim
1584 3404 1756 3461 mutuato
1770 3406 1841 3457 no.

545 3491 647 3564 mine
666 3552 677 3587 ,
695 3495 895 3569 eratenim
912 3512 1125 3571 extremum
1145 3495 1213 3569 viae
1231 3490 1421 3570 Flaminia
1439 3502 1516 3567 Via
1529 3489 1609 3565 lata
1627 3484 1777 3565 dicium.
1795 3489 1842 3566 In

542 3592 653 3670 altari
670 3590 812 3673 tabella
831 3593 1086 3706 conspicitur,
1106 3601 1138 3678 S.
1161 3602 1263 3677 Luca
1278 3662 1289 3698 ,
1303 3621 1346 3673 ut
1366 3596 1520 3703 quidem
1539 3597 1666 3691 aiunt,
1683 3592 1839 3673 artifice.

544 3699 718 3806 Subjacet
738 3727 871 3814 crypta
888 3768 899 3804 ,
915 3704 981 3781 ubi
999 3704 1093 3785 olim
1112 3709 1170 3786 SS.
1186 3707 1364 3802 Petrum,
1378 3700 1597 3782 Martialem
1609 3766 1620 3802 ,
1631 3699 1790 3779 Paulum
1801 3709 1840 3781 ὃ(

544 3811 689 3889 Lucam
703 3803 807 3890 sedes
825 3807 989 3891 habuisse
1004 3837 1170 3892 narrant.
1192 3816 1235 3892 N
1236 3838 1282 3893 ec
1297 3810 1557 3920 praetereunda
1576 3835 1659 3917 qua:
1676 3813 1718 3887 in
1730 3834 1841 3888 anec-

545 3916 641 3994 doto
660 3913 867 4026 scriptore,
896 3917 1051 3997 oculato
1069 3920 1192 4021 teste,
1220 3921 1324 4027 cujus
1348 3912 1492 3996 scheda
1511 3942 1625 4026 penes
1644 3941 1707 3996 me
1726 3911 1840 4017 simt,

543 4023 592 4101 ad
610 4051 751 4103 annum
772 4052 871 4128 1491.
889 4022 1042 4107 sedente
1060 4030 1285 4107 Innocentio
1304 4029 1411 4106 Vlll.
1431 4048 1666 4104 enarrantur.

594 4133 673 4211 Die
694 4162 743 4232 23.
762 4133 918 4243 Augusti
937 4158 1106 4242 coaptum
1122 4132 1195 4212 fuit
1212 4162 1306 4244 opus
1323 4129 1451 4211 sandrat
1472 4135 1605 4211 Mariae
1615 4135 1653 4208 in
1664 4135 1739 4212 Via
1748 4129 1836 4229 lata,
1858 4166 1883 4203 o

542 4238 720 4319 videlicet
739 4239 928 4322 destruere
949 4241 1150 4322 Ecclesiam
1170 4308 1182 4341 ,
1200 4242 1370 4322 &aliam
1386 4266 1527 4318 novam
1545 4237 1731 4317 adificare
1750 4266 1837 4316 cum
1856 4274 1881 4311 o

543 4345 793 4428 demolitione
809 4376 915 4429 arcus
931 4346 1187 4459 triumphalis,
1198 4345 1305 4461 supra
1314 4374 1429 4458 quem
1439 4353 1478 4425 in
1488 4345 1614 4455 aliqua
1631 4371 1738 4455 parte
1753 4368 1835 4425 erat
1858 4380 1883 4419 o

541 4452 734 4533 aedificata.
754 4459 798 4534 ln
816 4460 918 4564 cujus
936 4456 1106 4540 Ecclesrae
1122 4455 1412 4537 fabricationem
1429 4452 1548 4536 fertur
1568 4455 1706 4562 Papam
1720 4450 1883 4552 obtu.,«

542 4559 616 4640 hffe
642 4564 800 4640 ducatos
825 4568 1152 4675 quadringentos,
1177 4562 1517 4647 vicecancellarius
1542 4589 1627 4659 300.
1650 4563 1834 4640 Camera·
1854 4598 1880 4635 o

542 4675 615 4749 rius
641 4697 745 4750 200.
771 4672 959 4757 residuum
982 4673 1147 4785 magistri
1171 4673 1483 4769 Architeeores,
1511 4696 1597 4748 cum
1623 4667 1699 4746 hoc
1727 4668 1830 4777 quod
1853 4706 1878 4744 o
