4264 5684
439 383 499 464 118
894 362 1077 458 Diarinm
1103 361 1285 459 Italicum.

442 504 512 580 bus
540 500 586 581 ab
603 502 679 581 lino
702 498 748 576 ad
772 495 953 576 summurn
972 529 1152 607 perpetua
1170 501 1393 579 cadaverum
1413 498 1534 603 sedes,
1555 501 1733 587 foramina

440 608 582 687 scilicet
606 611 652 687 ad
671 610 856 717 vestigium
878 611 1024 685 humani
1046 615 1233 713 corporis,
1250 637 1408 712 quorum
1427 618 1598 720 pleraque
1617 644 1733 694 vacua

436 722 510 823 jam
528 716 624 820 sunt,
636 720 794 795 maxime
812 743 955 822 propter
970 717 1101 794 ostium
1117 755 1125 801 ;
1141 744 1226 793 nani
1239 718 1580 826 progressisulrcrius
1592 725 1734 831 integra

437 829 643 930 intaslaque
669 851 867 903 occurrunt
894 824 1065 930 scpulcra.
1106 826 1194 902 Hoc
1217 824 1278 901 situ
1300 852 1422 904 autem
1450 830 1560 934 posita
1581 858 1733 935 corpora

434 929 541 1014 sunt:
557 940 593 1013 in
612 933 851 1013 foraminibus
869 933 914 1012 ad
928 930 1135 1012 mensuram
1153 931 1329 1010 inserendi
1348 935 1527 1015 cadaveris
1539 940 1730 1034 excavatis,

435 1042 510 1123 ossi
524 1047 647 1153 jacent
666 1078 674 1121 z
694 1042 715 1120 *a
734 1048 860 1142 latere,
879 1038 951 1146 qul
970 1039 1239 1117 subterraneam
1259 1042 1423 1120 semitam
1442 1040 1656 1152 respiciunt,
1673 1073 1733 1122 ur·

434 1153 520 1231 nula
543 1149 709 1255 quaedam
729 1149 885 1229 liabetur
899 1152 1014 1228 vitrea
1037 1150 1277 1256 plerumque,
1294 1178 1572 1257 nonnumquam
1592 1155 1731 1263 figlina,

435 1285 616 1340 casmento
634 1255 903 1356 all'trta‚urnam
923 1258 1218 1364 lacrymaroriam
1230 1262 1342 1363 vulgo
1360 1260 1539 1338 dic'uutzsi
1560 1259 1656 1338 forte
1670 1289 1731 1337 ru-

436 1368 528 1446 bore
540 1365 701 1478 quodam
720 1369 845 1444 inimo
860 1366 970 1446 tinsla
986 1369 1100 1442 vitrea
1117 1367 1276 1473 ampulla
1295 1362 1424 1466 fiterit,
1439 1395 1504 1474 pro
1515 1393 1731 1477 argumento

437 1476 602 1584 martyrii
621 1475 798 1554 liabetur:
815 1477 967 1553 lucernae
988 1473 1078 1549 irem
1099 1467 1313 1576 sepulcrales
1339 1474 1482 1554 diverso
1506 1476 1568 1553 fitu
1591 1476 1731 1554 ibidem

437 1610 648 1662 occurrunt.
673 1579 861 1662 Interdum
881 1579 1059 1658 inciditur
1077 1581 1113 1654 in
1134 1605 1294 1657 cameras
1338 1580 1466 1659 uadras
1486 1582 1731 1687 amplitudine

436 1694 529 1769 inter
549 1690 583 1769 se
601 1689 770 1799 dispares,
783 1690 884 1767 fimili
905 1685 1120 1765 cadaverum
1128 1686 1258 1761 ordine
1278 1608 1457 1765 inllruslas
1469 1725 1478 1774 ς
1492 1716 1571 1793 qua:
1583 1682 1731 1767 forsitan

435 1798 669 1906 insigniorum
687 1793 759 1878 olla
768 1793 1069 1905 complodantur,
1080 1792 1226 1872 dimissis
1241 1790 1286 1869 ad
1301 1795 1441 1901 plebeia
1459 1821 1609 1903 corpora
1622 1796 1732 1874 semi·

437 1908 495 1985 tis.
518 1907 769 1985 foraminibus
806 1931 887 1982 orio
907 1904 985 2007 post
1002 1898 1187 1981 recondita
1210 1899 1396 1998 cadavera,
1409 1899 1535 1979 seriem
1557 1906 1730 1982 lateritia-

436 2041 519 2091 rum
538 2012 742 2092 tabularum
754 1933 1005 2109 obducebant,
1020 2035 1199 2091 caemento
1217 2008 1409 2087 firmatam.
1433 2012 1473 2086 lii
1486 2011 1584 2088 hisce
1599 2010 1730 2089 tabulis

434 2144 716 2228 nonnumquam
739 2120 870 2230 legitur
891 2112 1145 2197 defiinsloruin
1164 2142 1321 2216 nomen,
1349 2114 1570 2221 frequentius
1589 2120 1730 2227 sculpta

437 2225 605 2336 quaedam
626 2227 791 2335 symbola
804 2222 894 2319 sunt,
906 2248 948 2300 ut
967 2225 1056 2325 llos,
1075 2250 1218 2322 ramus,
1236 2222 1399 2328 autquid
1414 2226 1537 2301 fimile.
1568 2226 1625 2303 Est
1644 2254 1730 2305 cum

434 2363 640 2415 marmorea
657 2335 779 2414 tabula
797 2328 1035 2431 obtenditur,
1055 2335 1093 2409 in
1112 2360 1185 2438 qua
1208 2357 1367 2429 nomen,
1381 2329 1610 2412 &interdum
1629 2362 1728 2428 aras,

435 2442 515 2519 dies
527 2442 651 2521 obitiis
669 2464 909 2539 annotantur,
928 2462 965 2515 at
983 2437 1075 2517 illud
1092 2436 1375 2547 infrequctrtius⁴
1399 2443 1501 2522 Duas
1517 2438 1729 2547 hujusmodi

435 2550 688 2661 inscriptiones
703 2549 778 2629 crui
798 2575 887 2654 quas
903 2545 967 2625 liic
988 2572 1173 2654 reponam.

597 2742 905 2816 anarcaro
952 2741 1228 2810 znziiuoc
1268 2715 1371 2811 κῆ

594 2925 724 2947 .....
739 2882 824 2949 nn
867 2879 943 2943 io.
971 2879 1045 2944 ru
1075 2880 1183 2944 nio
1220 2882 1248 2943 ii
1285 2881 1405 2948 iiiii.

596 3066 722 3088 .....
736 3018 1041 3088 ΤΕΝΒΡΙΩΝ
1075 3019 1261 3087 HMEPA
1292 3019 1441 3090 AIOC.

433 3203 547 3283 quam
565 3173 613 3252 sic
635 3173 745 3254 facilc
763 3175 937 3251 restituo:
958 3172 1122 3254 landoari
1148 3170 1293 3275 Ζιὸωμρς
1312 3162 1442 3264 Xeiroil
1455 3177 1571 3263 olliiliot
1591 3175 1667 3254 r‘rr'a‘i
1686 3181 1728 3260 id.

435 3291 480 3370 pl
492 3282 566 3381 ogd
586 3286 621 3361 A'
647 3301 737 3364 Καλ.
754 3278 978 3370 Σηῆενζόων
995 3282 1108 3395 η’μᾸςᾳ
1128 3280 1213 3368 dldt.
1239 3284 1328 3358 Hoc
1345 3282 1417 3370 est,
1434 3289 1622 3388 Requievi't
1638 3289 1730 3387 Zost-

435 3426 507 3472 mus
526 3392 648 3495 Christi
659 3393 813 3498 firmulus
832 3418 992 3468 annorum
1015 3389 1264 3479 novemdecim,
1279 3410 1395 3498 quarto
1417 3394 1497 3467 Καὶ.
1516 3392 1727 3501 septembris,

438 3504 494 3579 die
506 3509 621 3604 jovis.

490 3610 620 3686 Latina
639 3636 727 3686 vero
747 3609 858 3686 altera
880 3636 990 3713 quam
1008 3634 1117 3716 penes
1134 3633 1200 3685 nos
1217 3605 1411 3687 habuimus
1431 3606 1561 3685 Romae
1587 3607 1627 3683 in
1644 3604 1728 3685 hos-

436 3717 533 3825 pitio
552 3715 696 3816 nostro,
714 3716 761 3794 fic
777 3717 911 3813 habet,

495 4507 615 4583 Certis
639 4512 675 4584 in
693 4507 783 4585 locis
802 4532 910 4582 urnas
930 4503 1006 4582 vidi
1025 4531 1269 4602 marmoreas,
1292 4502 1392 4609 queis
1412 4499 1459 4578 de
1480 4527 1579 4580 more
1601 4504 1653 4580 D.
1674 4503 1729 4578 M.

438 4613 638 4724 praeligitur
650 4615 856 4726 epitaphio,
878 4611 918 4690 id
936 4614 986 4691 est
1004 4640 1052 4692 ut
1060 4611 1213 4720 quidam
1223 4636 1377 4717 putant,
1393 4616 1461 4697 Dis
1471 4611 1651 4695 dlanibiirr
1664 4633 1730 4685 nec
