4264 5684
303 394 364 497 76
771 373 951 469 Dioriooo
976 368 1147 468 lodicum

305 530 394 590 corto
419 510 604 593 orthodoxe
614 506 707 618 fidei
719 564 730 595 ,
751 512 902 590 traducit
922 510 962 587 de
988 524 1093 589 Grooo
1114 517 1154 588 io
1182 509 1340 589 Latinum
1368 504 1390 581 d
1417 502 1600 613 Burgundo

297 622 424 723 Judice
443 627 522 700 cive
540 625 662 727 Pifitno
678 613 746 721 fiob
764 625 913 722 Eugeoio
931 633 1021 696 111.
1044 633 1143 694 iant.
1169 632 1270 695 Mox.

360 729 409 804 In
431 727 560 807 codice
579 755 679 808 xtv.
703 723 843 820 saculi,
862 725 977 802 Passio
997 726 1155 802 Domini
1170 726 1276 802 nostri
1294 725 1374 817 Jcsu
1392 723 1527 805 Christi
1552 721 1606 798 sc-

310 832 474 913 cundum
502 837 735 916 Nicodemum.
775 835 872 911 ltcin
903 829 1068 939 quadani
1096 859 1141 912 cx
1169 837 1373 940 Evangelio
1402 828 1607 910 secundum

309 940 482 1023 thomam.

364 1061 401 1125 S.
416 1054 592 1130 Antonini
614 1048 796 1129 summula
815 1047 859 1126 de
880 1044 1148 1143 Confcffionc‚
1180 1075 1291 1153 quam
1311 1075 1387 1124 non
1409 1047 1531 1125 cusam
1552 1044 1608 1122 di·

310 1153 413 1236 ount.
641 1210 645 1217 -
991 1196 995 1203 ·

365 1263 581 1365 Roy‘mondos
600 1266 734 1343 Lollus.

367 1376 535 1451 Ludovici
565 1374 780 1454 Potriatchae
799 1371 1063 1482 Aquilegienfis
1091 1373 1250 1479 epistolae
1279 1368 1448 1476 quadam
1469 1366 1609 1472 scriptae

311 1503 409 1555 anno
442 1486 544 1577 1428.
586 1527 589 1533 ·

356 1584 525 1687 joachimi
549 1587 739 1691 Epistola,
761 1588 879 1667 codex
899 1611 1018 1664 vetus.

365 1693 522 1798 Dialogi
541 1699 682 1769 Luciam
703 1694 831 1774 Gracci:
854 1699 891 1771 in
912 1691 1043 1769 codice
1065 1718 1161 1770 xtv.
1179 1688 1311 1768 saculi.

365 1812 418 1875 M.
434 1807 471 1869 t.
493 1802 661 1877 ciceronis
679 1800 727 1878 ad
745 1800 950 1910 Qindium
968 1794 1140 1891 fratrem,
1157 1794 1204 1872 ad
1224 1798 1452 1894 Familiares,
1466 1793 1610 1880 Tuscu-

313 1907 425 2002 lana,
445 1901 679 1986 Academica:
695 1910 929 2012 quaestiones,
948 1905 995 1985 de
1014 1905 1113 2003 fato,
1135 1906 1345 2009 Orationes,
1362 1910 1400 1984 in
1419 1907 1527 1984 variis
1545 1930 1610 1979 co·

312 2011 428 2089 cibus.
672 2038 674 2043 ’

364 2120 479 2223 festos
496 2127 693 2230 Pompeios,
716 2121 833 2201 codex
853 2149 976 2200 iocens
996 2123 1064 2200 bis.

366 2228 507 2337 Crispus
527 2229 718 2330 Sallustius.
756 2236 900 2308 Nonio!
915 2232 1108 2307 Marcellos.

365 2343 508 2422 seneca,
529 2330 576 2412 de
602 2336 719 2414 libero
742 2338 906 2416 arbitrio,
1194 2338 1197 2343 ⁸

354 2440 514 2539 justinus
538 2467 621 2519 cum
645 2447 805 2551 prologis
825 2442 872 2518 ad
889 2445 1000 2520 libros
1022 2449 1124 2551 Trogi
1145 2447 1296 2552 Pompeii
1326 2439 1371 2519 ab
1391 2440 1519 2535 initio,
1548 2436 1612 2542 qui

313 2549 453 2654 prologi
477 2545 588 2626 ratids
604 2576 800 2629 occurrunt
821 2553 856 2627 in
875 2550 1068 2629 codicibus
1088 2551 1224 2642 justini.

366 2660 542 2732 Laclantii
566 2659 869 2737 Commentarius
889 2660 926 2735 in
944 2659 1051 2734 Statii
1067 2653 1271 2734 Thebaida.

356 2766 548 2861 jovenalis
571 2761 707 2870 satytae.
752 2770 795 2843 ln
811 2766 884 2842 alio
903 2765 1033 2843 codice
1049 2762 1175 2867 terfios
1194 2788 1279 2840 cum
1290 2761 1471 2868 juvenale.

369 2874 485 2944 Annii
503 2883 627 2949 Seneca
647 2870 867 2985 Tragoediae.

367 2984 562 3054 Montanus
578 2994 606 3057 C
608 2982 695 3088 apoll
712 3039 722 3057 .

367 3091 435 3191 ,Q
450 3086 614 3185 Asconius
633 3089 814 3168 Pedianus.

370 3188 541 3290 Epistola:
564 3192 764 3274 Phalaridis
782 3207 820 3276 δί
836 3203 935 3274 orati
955 3189 1099 3274 Latini.

370 3299 523 3374 Valerios
540 3316 740 3390 Maximus,
758 3303 911 3408 scriptus
930 3331 1028 3380 anno
1052 3313 1142 3406 1389.

372 3402 545 3481 Diariutn
577 3405 750 3514 scriptum
767 3403 891 3488 fratris
919 3412 1018 3490 Pooli
1038 3407 1118 3517 (fri
1139 3411 1258 3504 Ptolo)
1279 3435 1400 3486 manu.
1440 3406 1615 3510 Ejusdem

315 3533 408 3615 opus
431 3514 467 3586 io
488 3514 673 3596 concilia.
720 3514 723 3520 ’
1439 3524 1440 3527 ’

337 3692 339 3695 ,
370 3616 501 3724 Aspofii
527 3623 817 3734 orthographia.

372 3727 560 3807 leonardus
565 3732 799 3834 justinianus,
820 3734 1013 3813 Francisco
1032 3734 1230 3840 Philelpho
1254 3733 1346 3813 libet
1359 3728 1614 3835 philologicos.

372 3836 539 3909 Leoiardi
558 3845 723 3930 Araiai,
741 3836 787 3916 de
808 3844 927 3947 primo
943 3842 1083 3920 Punico
1104 3843 1215 3920 bello.

375 3939 593 4020 Chronicon
615 3944 660 4021 ab
676 3947 784 4026 initio
800 3946 932 4025 mundi
951 3949 1000 4027 ad
1015 3976 1152 4029 annum
1170 3955 1267 4048 1428.
1297 3949 1360 4025 De
1376 3943 1482 4021 rebus
1500 3939 1617 4021 maxi-

317 4040 382 4121 mi
407 4048 695 4154 Longobardicis
722 4066 759 4134 δι
778 4060 1005 4136 Venetianis.

376 4155 597 4235 Chronicon
625 4159 672 4237 ad
692 4188 832 4243 annum
853 4194 952 4270 1454.
979 4167 1121 4277 vulgari
1140 4164 1271 4243 Italico
1301 4158 1493 4239 idiomate.
1531 4159 1617 4240 Alia

320 4261 410 4336 item
432 4261 631 4344 Chronica.

375 4370 439 4445 Uti
462 4371 617 4479 superius
634 4372 706 4452 dixi
729 4401 869 4481 partem
890 4379 1005 4459 sotum
1027 4378 1204 4460 codicum
1219 4378 1510 4461 Tarvifianotum
1525 4369 1615 4471 vidi,

323 4474 488 4553 nondum
499 4481 832 4590 advodiisreliquis:
847 4491 906 4564 alii
917 4493 1016 4568 enim
1028 4492 1165 4592 majore
1182 4486 1507 4589 numero&pretio
1520 4482 1616 4559 sunt.

324 4586 450 4663 Unum
467 4588 559 4671 libet
576 4619 887 4696 commemorate,
905 4604 1055 4706 qualem
1074 4604 1202 4710 accepi
1224 4601 1245 4682 ”a
1267 4592 1392 4681 clatiff.
1411 4600 1490 4675 viro
1510 4596 1616 4697 Apo-
