4060 5700
359 520 407 606 36
803 487 985 578 Diirirsm
1017 474 1199 572 lrslisrtm.

358 623 535 719 indicare,
549 622 667 727 primo
691 640 776 694 ante
806 618 982 692 diluvium
1004 617 1091 691 istuc
1109 629 1146 694 be
1165 614 1313 691 ulterius
1334 608 1457 690 versus
1471 612 1656 691 Mediola-

357 761 448 810 num
477 726 654 836 pertigisse
679 726 792 803 smum
815 724 1102 817 Hadriaticum,
1133 750 1176 798 ac
1205 719 1499 799 decrescentibus
1526 719 1656 797 diluvii

358 843 462 943 aquis
491 839 682 937 relidaquc
704 837 781 911 limi
810 845 981 910 &arena
1005 836 1101 904 mole
1135 826 1365 931 prominuisl'c
1388 828 1530 922 solum,
1550 827 1652 903 dein-

359 947 518 1052 cepsque
546 945 655 1020 variis
683 936 909 1045 temporibus
935 964 978 1011 ex
1003 937 1129 1011 illuvie
1159 938 1350 1012 fluminum
1382 948 1420 1012 δι
1440 938 1657 1010 torrentium

360 1058 459 1131 varia
480 1049 685 1154 hujusmodi
707 1051 812 1125 strata
832 1040 999 1121 confesta
1019 1042 1064 1118 ad
1083 1041 1298 1119 hodiernam
1319 1043 1579 1119 sublimitatem
1593 1040 1658 1119 de-

358 1160 510 1257 venisse,
524 1187 604 1264 qux
616 1159 679 1231 ille
697 1156 857 1260 pluribus
877 1165 913 1231 &
930 1149 1035 1226 douc
1053 1149 1221 1227 edisserit.
1238 1152 1360 1227 Nobis
1380 1151 1498 1226 illha‘c
1516 1145 1658 1226 adferre

358 1268 586 1370 visunr‚quia
606 1265 747 1339 libellus
764 1261 824 1336 isle
844 1261 882 1333 iu
901 1285 1099 1361 paucorum
1119 1259 1329 1333 nostratium
1349 1284 1475 1331 manus
1495 1255 1656 1333 devenit.

411 1376 562 1457 Morini
581 1369 890 1448 inMonasletium
910 1366 946 1441 S.
960 1364 1143 1441 Benedisli
1168 1364 1453 1441 Padolirooeosrs
1473 1366 1657 1455 venimus,

362 1488 478 1565 totius
495 1482 609 1557 Italiae
629 1474 909 1581 amplissimum,
927 1470 1028 1573 quod
1051 1468 1250 1546 latifundia
1268 1469 1419 1575 poffidet
1440 1495 1575 1571 quanta
1597 1474 1658 1544 rix

360 1590 474 1673 aliud.
507 1581 789 1667 Padolitouense
809 1606 931 1655 autem
948 1574 1105 1674 dicitur,
1125 1583 1211 1682 quia
1229 1581 1323 1652 iuter
1343 1575 1479 1651 Padum
1501 1588 1536 1652 δε
1553 1579 1659 1649 Lito-

360 1728 446 1779 nem
476 1697 582 1773 strunt
601 1693 662 1769 est.
706 1691 827 1787 Hujus
855 1687 982 1763 Abbas
1010 1709 1087 1761 erat
1110 1714 1155 1761 cx
1182 1684 1428 1762 Belisartotum
1450 1681 1590 1757 familia
1619 1686 1658 1756 itt

363 1810 485 1884 Gallia
505 1828 612 1898 uota,
633 1802 686 1876 vir
700 1798 946 1900 perhumanus
961 1789 1162 1893 officioque
1180 1796 1315 1894 plenus.
1349 1789 1578 1865 Bibliotheca
1599 1815 1657 1861 eo·

363 1914 507 1992 ditibus
520 1910 657 1987 Latinis
671 1896 813 1980 tantimt
826 1896 1077 2003 manuscriptis
1091 1899 1184 1976 benc
1197 1899 1323 1974 multis
1336 1920 1540 1976 exornatur.
1564 1896 1657 1970 Haec

361 2046 478 2126 pauca
496 2015 784 2093 observavimus.
1573 2023 1580 2035 ·

416 2124 551 2204 Codex
574 2122 775 2201 Bibliorum
796 2115 998 2191 membran.
1022 2139 1060 2191 x.
1082 2111 1223 2191 saeculo,

415 2237 573 2337 origenis
594 2253 748 2331 operum
771 2221 887 2296 codex
910 2222 1110 2297 membran.
1133 2217 1291 2322 ejusdem
1313 2222 1440 2296 aetatis.

418 2338 551 2417 Codex
577 2366 614 2417 x.
633 2332 752 2411 saeculi
772 2329 976 2404 membran.
996 2334 1200 2428 Hieronymi
1221 2329 1387 2432 epistole.

417 2445 549 2523 Codex
572 2473 608 2519 x.
628 2441 745 2517 saeculi
766 2435 965 2512 membran.
1002 2433 1174 2531 Ejusdem
1194 2432 1482 2509 Commentaria.

415 2552 546 2630 Codex
565 2543 724 2645 ejusdem
738 2544 868 2621 atatis.
897 2546 1094 2641 Hieronymi
1117 2537 1162 2614 de
1178 2541 1422 2643 Scriptoribus
1443 2537 1656 2617 Ecclesiasti-

362 2661 434 2754 cis‚
455 2665 490 2735 in
512 2686 585 2764 quo
605 2663 693 2730 item
721 2648 890 2755 quaedam
909 2649 1127 2747 cassiodori,
1159 2659 1196 2723 δέ
1219 2652 1254 2722 in
1276 2648 1344 2722 sine
1367 2646 1475 2722 Probe
1497 2648 1658 2721 folcarii

362 2770 534 2844 carmina.
568 2761 629 2840 Ad
648 2763 785 2834 calcem
805 2783 929 2833 autern
948 2757 1080 2860 legitur
1102 2785 1111 2827 z
1135 2751 1240 2830 Proba
1259 2783 1346 2828 uxor
1362 2756 1453 2828 Adel
1473 2751 1532 2838 b,
1557 2773 1662 2826 orirer

362 2875 506 2960 Osirii,
521 2872 563 2959 (o
579 2872 710 2973 Ai'iepii
734 2866 800 2957 (sic
820 2891 884 2967 pto
895 2866 1032 2970 Alypii',
1048 2873 1059 2958 )
1076 2872 1161 2932 Com
1173 2863 1385 2963 Constantini
1408 2778 1553 2959 (sistro
1570 2873 1660 2932 Corr-

351 2982 476 3078 stiorii
486 2995 496 3067 l
514 2979 729 3082 Imperatoris
746 2970 871 3045 bellom
885 2968 1043 3072 adversis
1056 2976 1293 3072 Magnensium
1312 2962 1560 3076 cooſsmffiffl,
1580 2989 1659 3039 corr·

351 3088 491 3191 firijfit
507 3084 547 3167 ci*
566 3084 656 3156 lirim
673 3082 687 3151 l
695 3077 811 3153 'brisim

419 3180 552 3270 Codex
572 3216 636 3266 xr.
660 3185 775 3260 saeculi
798 3182 999 3258 membrata.
1031 3178 1076 3253 fic
1100 3179 1309 3257 inchoatur.
1345 3184 1472 3289 Incipit
1486 3190 1519 3252 T
1516 3181 1658 3255 oriiimr

357 3304 491 3407 primus
511 3309 546 3372 S.
567 3291 735 3389 Ambrosti
757 3290 907 3399 Episcopi
926 3290 965 3364 de
988 3288 1093 3391 Epist.
1115 3292 1218 3362 Pauli
1245 3287 1291 3359 ad
1312 3304 1485 3365 Romanor.
1521 3283 1659 3365 Deinde

353 3411 517 3511 stquilrrr
542 3406 702 3478 troiiirtrrs
716 3403 857 3475 Domini
877 3402 1026 3498 Remigii
1044 3390 1253 3468 veneribilis
1272 3392 1434 3468 Monorsri
1445 3446 1456 3476 ,
1480 3392 1522 3475 dv
1545 3390 1659 3465 erodi·

364 3515 492 3615 tissimi
508 3508 794 3585 commentatoris.
833 3519 876 3577 In
894 3500 1045 3579 omnibus
1063 3523 1177 3573 aorem
1204 3527 1323 3575 nomio
1338 3504 1436 3603 surm
1456 3503 1592 3587 iacuit,
1619 3518 1660 3570 or

364 3649 433 3695 rum
441 3621 609 3727 sipiesria
626 3614 759 3685 culmen
779 3636 911 3714 quoque
930 3606 1140 3681 humilitatis
1160 3614 1351 3710 attingeret,

420 3726 552 3803 Codex
571 3748 625 3797 xt.
649 3716 791 3810 saeculi,
810 3720 964 3823 Gregorii
982 3719 1106 3818 Magri
1127 3715 1166 3787 in
1187 3714 1441 3809 Ezechielem,
1459 3711 1658 3816 &Remigii

365 3836 404 3911 in
426 3834 613 3909 Marcum.

422 3935 553 4017 Codex
571 3963 608 4009 x,
625 3928 744 4009 saeculi
760 3992 770 4026 ,
788 3934 939 4036 Gregorii
957 3933 1079 4032 Magni
1101 3928 1136 4003 in
1154 3926 1239 4017 lob.

421 4043 555 4124 Codex
574 4066 669 4117 xrv.
683 4037 823 4132 saculi,
843 4035 1010 4138 Epistolae
1028 4035 1202 4133 ejusdem.

421 4151 553 4230 Codex
573 4152 663 4223 alter
678 4174 727 4222 xi
742 4175 770 4222 1.
794 4144 907 4221 saculi
923 4202 933 4233 ,
949 4149 1097 4242 Gregorii
1116 4144 1278 4219 Morales
1299 4145 1337 4218 iti
1358 4142 1438 4231 Job.

420 4257 555 4337 Codex
572 4256 659 4329 noui
680 4255 826 4347 saeculi,
853 4251 974 4349 istim
1008 4248 1250 4352 Hispalensis,
1275 4264 1311 4329 δε
1321 4253 1463 4350 Juliooi
1481 4246 1655 4325 Toletani

369 4394 489 4470 opera.

423 4470 556 4547 Codex
574 4495 715 4572 magne
742 4466 847 4540 molis
876 4460 1064 4540 undecimi
1082 4459 1226 4559 sacculi,
1251 4462 1460 4540 Burchirdus
1486 4459 1531 4535 de
1551 4486 1656 4565 pote-

370 4580 456 4655 state
478 4592 514 4655 be
535 4578 688 4681 primaru
712 4574 927 4676 Apostolicae
948 4568 1048 4646 sedis.

422 4686 559 4762 cuim
576 4688 740 4760 Tiorirrm
754 4711 784 4757 is
804 4682 1073 4758 Commentutn
1091 4680 1130 4756 in
1147 4680 1274 4775 Ruth,
1295 4678 1476 4758 &Libros
1498 4680 1655 4781 Regum.
