4264 5684
251 520 305 602 66
706 497 887 595 Diarium
913 490 1097 587 Italicum.

210 680 232 711 ι.
253 663 382 718 ventus
403 678 413 726 ς
436 635 671 731 Flavianum,
694 661 805 739 quem
823 629 896 710 fide
914 633 1195 736 comprobatum
1216 631 1378 737 plurimis
1399 636 1445 712 ad
1465 662 1550 741 prae,

212 792 235 824 a
258 744 337 826 sens
362 748 466 855 potui
487 747 671 850 reperite,
705 743 769 819 sub
799 742 969 851 legitima
991 743 1136 818 cautela
1170 736 1362 846 specialem
1393 770 1555 824 tutorem

212 898 235 932 ι
258 855 426 934 Leudasrt
442 877 552 957 atque
573 850 742 929 Lundesrt
760 851 852 927 meis
870 850 991 926 liberis
1013 846 1134 926 adhuc
1154 850 1339 928 mineribus
1359 855 1480 929 utilius
1496 883 1556 931 or-

215 1007 236 1038 „
259 962 420 1063 dinetis‚
448 985 630 1065 quatenus
661 964 735 1061 ejus
763 964 933 1066 peculiari
961 983 1069 1045 ctera,
1096 963 1217 1034 altores
1238 989 1348 1040 eorum
1370 964 1451 1038 bana
1481 991 1556 1039 non

213 1115 235 1148 η
259 1064 693 1166 fraudibus,utadsolet,
709 1094 772 1146 aut
788 1064 1008 1170 quibussibet
1029 1064 1324 1170 subreptionibus
1337 1076 1479 1146 retinere
1495 1099 1557 1148 va-

215 1226 235 1254 „
260 1183 410 1259 leant&
424 1178 606 1279 aequitatis
625 1174 792 1252 ordinem
808 1174 1038 1251 *terminari
1069 1172 1256 1249 Horanius
1269 1234 1280 1267 ,
1295 1181 1473 1252 Antonius
1492 1177 1555 1254 ad-

215 1329 235 1360 „
260 1313 332 1392 que
350 1284 591 1378 Volusianus,
610 1281 670 1358 sed
698 1297 735 1365 δε
764 1285 913 1360 tuosius
931 1277 1024 1357 ordo
1045 1278 1109 1357 dd.
1124 1283 1241 1358 Mela:
1251 1286 1441 1386 petitionis
1457 1284 1556 1363 seriae

214 1437 235 1469 ,ι
285 1395 356 1471 esta
382 1449 610 1472 .......
638 1392 738 1495 pient
757 1418 854 1466 nunc
869 1389 1073 1496 postulatis.
1118 1389 1306 1465 Flavianus
1327 1387 1373 1465 ad
1392 1390 1558 1469 medium

214 1546 235 1576 η
259 1424 481 1597 {educatum
498 1512 536 1580 δι
548 1523 670 1575 utrum
689 1499 844 1575 libenter
862 1500 898 1575 in
917 1494 1278 1604 defignatisnegotiis
1297 1495 1461 1573 officinm
1484 1498 1557 1576 sus·

213 1653 235 1685 a
258 1609 371 1714 cipiat
382 1635 477 1687 uoce
493 1608 639 1714 propria
650 1601 820 1685 fateatur.
850 1607 1024 1711 Cumque
1035 1604 1227 1683 Flavianus
1239 1601 1362 1682 fuiffcr
1374 1602 1557 1714 ingressus,

212 1760 233 1791 υ
260 1718 473 1812 Horanius,
492 1717 680 1793 Antonius
696 1711 817 1816 adque
835 1713 1074 1808 Volufianus,
1089 1709 1150 1789 sed
1166 1724 1202 1792 &
1224 1715 1372 1789 cunelus
1390 1713 1481 1791 ordo
1493 1711 1553 1791 dd.

211 1867 233 1897 a
258 1820 589 1923 Gundihildiiaſseis
607 1822 689 1897 filiis
712 1819 987 1925 suisspecialem
1007 1844 1169 1898 tutorem
1182 1844 1217 1895 te
1237 1823 1273 1895 in
1288 1819 1396 1897 causis
1414 1824 1454 1898 in
1473 1823 1558 1925 qui-

211 1975 232 2005 n
257 1928 324 2005 bus
345 1925 622 2005 Gunduhulsuis
641 1930 679 2005 in
705 1984 1046 2006 ..........
1069 1953 1151 2005 etus
1170 1923 1191 2002 i
1210 1925 1354 2004 Badiud
1376 1931 1443 2005 in.
1472 1987 1480 2004 .
1505 1987 1514 2004 .
1541 1989 1550 2005 .

210 2081 231 2111 a
261 2040 322 2114 vel
344 2036 364 2114 ir
384 2032 837 2113 Sosemudconnominato
858 2031 1031 2133 Faffone,
1053 2031 1419 2112 necnoniGunderit
1436 2037 1461 2087 *
1473 2037 1556 2141 pul·

210 2187 231 2218 a
258 2140 351 2220 satos
373 2139 493 2219 fuerat
512 2145 606 2248 petit
624 2140 797 2219 ordinari.
839 2142 875 2217 Si
884 2143 1074 2249 specialem
1091 2144 1247 2219 tutelam
1272 2143 1427 2221 libenter
1447 2141 1553 2220 adsu-

210 2293 230 2324 ω
256 2252 347 2345 mis,
365 2248 595 2326 moderanter
612 2251 671 2327 vel
690 2251 853 2357 legaliter
868 2248 1114 2327 administrare
1130 2274 1297 2353 oportet,
1315 2263 1353 2328 δι
1370 2250 1557 2356 prasenti-

212 2401 233 2433 ι»
258 2356 323 2433 bus
344 2354 540 2433 confiteris.
571 2357 762 2434 Flavianus
789 2357 867 2432 ab.
896 2416 903 2431 .
932 2414 940 2432 .
970 2356 1124 2433 libenter
1151 2361 1190 2431 in
1215 2361 1428 2434 memoratis
1446 2359 1554 2433 causis

214 2509 236 2539 a
258 2460 425 2541 officium
446 2465 570 2541 tutelae
590 2458 776 2569 suscipio,
803 2475 841 2543 δι
861 2465 1000 2539 utiliter
1026 2488 1087 2540 me
1113 2463 1200 2539 sicut
1219 2489 1367 2567 oportet
1394 2462 1554 2541 admini-

212 2616 234 2646 ω
256 2570 361 2646 strare
379 2573 567 2674 promitto.
609 2573 823 2667 HoraniuS,
858 2571 1063 2667 Antonius,
1081 2569 1203 2674 adque
1224 2571 1466 2669 Volusianus,
1493 2567 1556 2648 sed

211 2725 232 2752 ..
257 2689 293 2757 bt
305 2680 454 2755 conclus
470 2672 565 2753 ordo
585 2680 643 2757 dd.
670 2679 863 2785 Qoniam
878 2679 1065 2754 minorum
1083 2679 1176 2754 nihil
1193 2678 1243 2753 est
1254 2680 1474 2755 utilitatibus
1489 2678 1554 2756 de-

210 2831 232 2861 „
257 2785 464 2893 negandum
484 2846 494 2881 ,
525 2787 764 2865 &incorum
784 2784 977 2892 designatis
996 2788 1155 2892 negotiis
1176 2812 1254 2862 tum
1276 2845 1432 2867 .....
1463 2814 1553 2863 num

211 2938 231 2968 υ
257 2889 428 2969 desiderio
445 2887 613 2996 professio
633 2895 690 2970 vel
714 2891 853 2996 spousro
881 2952 890 2968 .
918 2951 926 2967 .
958 2952 966 2970 .
999 2950 1041 2968 ..
1069 2953 1077 2971 .
1105 2890 1297 2997 specialem
1322 2951 1552 2970 .......

212 3044 231 3076 ω
256 2998 392 3105 Adque
419 3058 570 3076 .....
596 3000 679 3107 {epp
705 3006 741 3074 in
765 3000 876 3075 causta
902 3002 940 3074 in
961 2998 1092 3102 quibus
1113 2999 1348 3102 nudululfieis
1371 2998 1390 3075 i
1413 2998 1555 3077 Badiud

209 3151 231 3181 n
256 3117 293 3185 δι
315 3106 335 3184 {t
358 3105 539 3182 Sosemud
566 3107 830 3183 connominato
852 3102 997 3184 Fafftane
1023 3110 1079 3183 vel
1101 3110 1120 3181 i
1150 3105 1337 3184 Gundetit
1351 3106 1474 3210 ficerat
1496 3136 1553 3183 re·

211 3260 229 3286 .‚
255 3212 413 3317 pulsatus
441 3269 631 3291 ......
658 3213 849 3319 specialem
870 3237 907 3289 te
925 3217 1073 3289 tutelam
1097 3211 1324 3289 decernimus
1342 3214 1551 3312 ministrare,

210 3366 229 3395 ‚a
255 3325 311 3396 cui
331 3349 372 3398 ut
386 3323 584 3427 *legitima
604 3317 754 3397 firmiter
770 3322 919 3429 injungo
937 3319 1177 3420 fidejussorem
1192 3320 1238 3396 de
1252 3348 1320 3397 tuac
1332 3322 1552 3397 administra·

209 3475 229 3504 a
254 3430 363 3505 tionis
386 3431 591 3534 integritate
603 3488 614 3521 ,
628 3426 717 3504 sicut
730 3429 858 3532 legalia
876 3428 1068 3504 constituta
1087 3425 1188 3520 sunt,
1204 3430 1360 3531 praebere
1377 3428 1553 3504 idoneum

209 3582 229 3610 a
254 3564 329 3611 non
349 3535 516 3631 desistas,
543 3538 644 3634 cujus
665 3563 720 3646 ope
744 3540 927 3611 minorum
949 3534 1053 3639 pollit
1082 3538 1204 3611 utilius
1220 3536 1408 3636 stillantia
1439 3539 1552 3610 mini-

211 3690 230 3717 ..
255 3642 361 3720 strati.
393 3643 611 3720 Flavianus,
641 3702 648 3718 .
679 3702 687 3720 .
715 3707 722 3722 .
749 3646 822 3720 azel
850 3701 858 3718 .
886 3703 894 3719 .
925 3701 933 3719 .
962 3648 1080 3717 nullus
1100 3646 1236 3747 poterit
1257 3644 1414 3747 praebere
1442 3704 1448 3716 .
1480 3703 1487 3718 .
1515 3702 1522 3717 .

211 3796 231 3826 u
255 3748 339 3825 idco
359 3753 442 3855 quia
458 3753 648 3855 specialem
661 3756 815 3828 tutelam
835 3753 991 3828 libenter
1012 3748 1175 3846 adsumo,
1193 3750 1398 3824 Libertatem
1424 3751 1467 3824 de
1487 3746 1550 3822 atl-

212 3903 231 3931 »
256 3860 509 3935 ministratione
531 3885 611 3933 mea
633 3856 870 3958 fidejnssbrem
897 3859 1017 3935 vestrae
1035 3858 1199 3963 prabeo,
1217 3859 1396 3962 grauitati.
1429 3860 1549 3932 Hora·

213 4010 232 4039 u
256 3970 359 4062 nint,
382 3970 563 4039 Antonius
578 3964 696 4066 adque
709 3969 948 4060 Volumnus,
964 3963 1023 4039 sed
1045 3969 1234 4072 teruntios·
1254 3962 1345 4037 ordo
1359 3962 1421 4039 dd.
1442 3964 1549 4036 Nun-

212 4119 232 4147 ω
256 4099 407 4178 cupatus
428 4068 448 4146 i
465 4071 631 4147 Flaviano
647 4070 823 4172 fidejussor
836 4074 959 4149 nolitis
976 4073 1203 4177 *optutibus
1224 4072 1473 4173 presentetur,
1488 4071 1550 4145 Li-

212 4226 231 4253 ..
258 4178 404 4257 beratus
431 4239 439 4254 .
467 4240 473 4256 .
502 4241 510 4259 .
536 4180 684 4256 solutos.
717 4184 924 4277 Horanius,
948 4183 1130 4257 Antonius
1158 4178 1276 4279 adque
1306 4180 1545 4274 Volusium,

213 4334 233 4363 a
259 4287 317 4365 sed
341 4291 490 4365 (uncins
507 4287 598 4363 ordo
619 4288 664 4363 du¹
671 4347 936 4369 ........
966 4290 1154 4364 Flavianus
1173 4288 1207 4358 in
1229 4289 1385 4360 concilio
1405 4315 1471 4361 nos
1485 4285 1548 4359 dt-

217 4444 234 4468 „
261 4394 377 4473 duxit.
402 4399 603 4473 Liberatus.
627 4400 755 4498 Utpate
775 4406 833 4501 pai
859 4398 1021 4496 specialis
1036 4392 1170 4470 tutori
1194 4393 1483 4470 Gundilrilinsrir
1506 4394 1548 4468 fi-

215 4550 234 4577 „
259 4508 312 4577 iiia
334 4534 408 4604 epus
427 4508 623 4605 postulatus
640 4506 689 4578 el‘l
708 4507 743 4577 in
768 4503 877 4578 caruis
899 4503 1082 4602 inquibus
1105 4525 1205 4604 patet
1221 4527 1348 4575 eorum
1368 4508 1386 4577 a
1409 4502 1548 4578 batliud

215 4658 233 4682 η
257 4615 312 4686 uel
335 4618 353 4688 'a
375 4615 409 4687 St
427 4613 547 4689 :eumd
569 4613 630 4714 qui
651 4606 751 4686 Faffo
772 4612 1072 4705 connominatur,
1097 4609 1155 4683 sed
1174 4620 1210 4684 ἃ
1234 4603 1449 4685 iGunderit
1468 4613 1547 4713 pul-

214 4764 234 4791 a
258 4717 349 4797 satus
367 4718 480 4797 suerat
501 4786 510 4815 ,
533 4749 601 4829 ego
621 4718 801 4821 fidejussor
822 4716 1005 4795 accedam.
1046 4718 1253 4809 Horatius,
1275 4718 1457 4794 Antonius
1481 4712 1546 4792 ad-
