4422 5692
370 494 432 591 156
825 477 1009 568 niarium
1034 481 1230 572 Italicum.

369 620 409 672 ut
424 594 537 705 aliqui
550 594 752 700 surrmiaut,
773 605 873 709 (prod
887 605 1067 682 Gotlriilli
1081 614 1142 715 qui
1159 603 1303 686 ltaliam
1317 608 1504 727 ipsamque
1514 614 1667 711 Urbem

368 704 493 783 multis
503 703 733 785 liinclaculis
744 711 954 818 expilarunt
968 759 976 814 3
989 743 1073 791 cmn
1084 719 1247 823 denique
1259 743 1298 794 re
1309 721 1534 827 improlpere
1556 725 1656 831 gestil

370 812 668 893 ltaliaexcedere
680 817 857 925 compulsi
880 817 982 920 stant,
1005 819 1194 899 tlielanros
1204 853 1250 903 ex
1262 819 1380 932 spoliis
1392 827 1537 906 urbium
1560 855 1655 908 tem-

368 920 528 1026 plorum,
539 949 582 997 ac
598 951 681 999 cum
693 928 819 1031 primis
830 928 935 1035 ipsius
948 935 1093 1029 Roma,
1105 928 1336 1038 corrasalque
1349 934 1434 1010 ltine.
1447 944 1482 1012 ὅ(
1493 936 1580 1016 inde
1596 964 1658 1045 pen

369 1032 505 1127 cauriaS,
518 1034 602 1135 quia
615 1026 953 1141 lectunasportare,
970 1043 1170 1146 repentinis
1190 1040 1345 1145 opprelsr
1372 1041 1557 1142 cladibus,
1579 1074 1655 1121 non

370 1134 1656 1250 valerent,adpolitissignisrecondiderint,variisqueinlocislirffode-

369 1241 1655 1364 rint.Hujulinodiquelignaaiunttradidilleliliis&nepotilms,quo.

369 1379 451 1428 rum
463 1379 535 1458 ope
543 1356 620 1459 jam
640 1357 663 1431 ii
684 1359 910 1464 reperiendis
922 1357 1098 1439 thesauris
1109 1360 1557 1440 maxim‘cvaleantllinc
1571 1393 1653 1441 nan

370 1484 455 1535 rant
465 1458 633 1538 historias
643 1490 773 1541 eorum
790 1470 852 1572 qui
864 1463 1073 1571 hujusmodi
1089 1468 1330 1545 dareibusauri
1345 1474 1563 1576 argentique
1579 1477 1654 1550 vim

370 1571 573 1645 maximam
594 1595 782 1650 eruerunt.
810 1574 897 1653 Vidi
929 1572 1012 1654 sane
1036 1580 1133 1654 viros
1160 1576 1328 1653 dodririd
1352 1603 1480 1685 graves
1500 1584 1562 1683 qui
1584 1578 1654 1655 lrac

371 1677 547 1782 opinione
566 1673 862 1777 ellent,&exem
895 1681 1269 1792 lavariaproserrent.
1279 1687 1356 1791 Ego
1365 1712 1455 1762 vero
1469 1751 1478 1783 ,
1490 1686 1553 1762 etli
1565 1686 1656 1763 alli-

371 1811 435 1858 mo
459 1780 648 1860 thesaurus
672 1786 797 1863 multis
813 1794 852 1863 in
867 1711 962 1866 locis
983 1790 1118 1889 latere,
1145 1791 1329 1896 educique
1346 1796 1383 1866 in
1404 1792 1481 1867 dies
1501 1857 1510 1889 ,
1545 1794 1656 1870 sicubi

370 1888 468 1968 sorte
479 1889 629 1967 fortuna
644 1896 681 1969 in
691 1892 858 2000 deposita
870 1894 1305 2001 liujulinodiexcavando
1315 1894 1655 2000 fossoresincidant,

370 2002 422 2073 ita
443 1998 649 2103 quamlibet
681 1999 860 2104 ejulinodi
888 2029 1008 2081 artem
1030 2004 1298 2112 perquirendi,
1324 2028 1388 2081 aut
1414 2032 1570 2104 vanam,
1591 2035 1655 2084 aut

369 2100 649 2212 superstitiosam
670 2117 708 2184 dc
732 2109 987 2188 damnandam
1017 2111 1200 2208 arbitror,
1237 2138 1306 2188 nec
1324 2110 1492 2190 illicitam
1513 2116 1656 2215 modo⁷

371 2209 431 2289 sed
452 2209 711 2292 infructuosam
726 2262 734 2317 3
747 2223 935 2297 neminem
963 2224 1099 2327 quippe
1126 2219 1283 2296 vidimus
1302 2217 1476 2297 laucius
1499 2219 1573 2298 lioe
1591 2251 1656 2330 pa.

369 2324 429 2397 ao
441 2320 597 2397 lonunis
608 2323 898 2430 requesanailiari
909 2332 1155 2405 autlumaiam
1169 2355 1249 2433 qua
1258 2352 1410 2403 narrant
1420 2325 1552 2405 sabula
1565 2326 1657 2406 sunt.

372 2427 494 2504 Gothi
514 2424 672 2536 superius
686 2439 885 2510 memorati
904 2434 924 2511 d
942 2434 1143 2532 Flaminio,
1170 2462 1216 2510 an
1235 2431 1541 2541 thesaurialiquid
1553 2465 1657 2515 erue..

374 2540 445 2610 rint
468 2540 650 2614 incertum
665 2540 790 2638 ,nullo
812 2540 902 2617 dato
921 2541 1004 2618 salli
1022 2542 1244 2619 testimonio,
1272 2546 1306 2619 Si
1324 2542 1514 2646 quidvero
1533 2571 1655 2650 repet*

371 2664 449 2719 turn
473 2643 577 2720 abiis
596 2644 838 2754 ablatumque
856 2648 925 2725 suit
939 2695 947 2748 3
959 2649 994 2725 id
1008 2645 1087 2726 casu
1100 2715 1111 2747 ,
1124 2650 1252 2724 utaliis
1264 2647 1359 2725 bene
1372 2650 1494 2725 multis
1506 2653 1655 2729 accidit.

432 2752 551 2828 Haud
562 2752 697 2868 procul
717 2754 805 2831 liinc
824 2760 860 2831 in
879 2755 982 2833 edito
1009 2756 1094 2831 loco
1117 2755 1288 2833 estturrir
1303 2759 1452 2861 ingena,
1472 2759 1656 2855 rotunda,

371 2886 472 2964 qua,
490 2883 530 2937 ut
551 2864 624 2937 lert
644 2856 831 2970 inscriptio
860 2929 870 2961 ,
898 2863 1055 2941 Canna
1082 2862 1249 2941 Metella
1276 2869 1409 2970 Quinti
1441 2867 1581 2942 Cretici
1614 2865 1655 2941 lin

371 2966 448 3064 liae,
470 2968 582 3044 Crassi
602 2973 745 3069 uxoria,
762 2967 996 3077 sepulchrum
1015 2995 1115 3068 erat,
1141 2973 1242 3077 eujus
1261 2975 1358 3047 muri
1376 2994 1453 3049 tam
1472 2966 1595 3070 solidi,
1615 2997 1657 3049 ut

370 3070 393 3149 s
412 3080 526 3150 atium
547 3102 726 3207 perquam
747 3083 941 3155 minimum
975 3086 1072 3154 intus
1091 3106 1250 3153 vacuum
1270 3075 1418 3183 superfit
1439 3115 1446 3155 ε
1465 3088 1500 3155 &
1519 3104 1604 3156 torre
1620 3082 1657 3154 dr

371 3103 454 3257 sive
472 3183 608 3259 dicitur
629 3214 650 3259 a
671 3182 784 3260 boum
807 3186 986 3292 capitilun
1015 3215 1122 3261 niuro
1150 3180 1345 3291 insculptis,
1367 3190 1468 3262 Huic
1499 3181 1656 3291 sequiori

372 3317 471 3387 acm,
492 3315 662 3398 tempore
681 3292 939 3369 intestinorum
962 3293 1168 3388 bellorum,
1192 3319 1259 3370 ceu
1278 3291 1456 3368 urbecula
1482 3292 1657 3397 adjuncla

373 3394 460 3495 suit,
480 3400 581 3501 cujus
600 3403 740 3474 moenia
764 3408 937 3477 &turres
970 3404 1174 3477 etiamnum
1194 3396 1385 3497 visuntur,
1405 3404 1457 3474 ita
1476 3425 1517 3475 ut
1539 3397 1656 3507 sepul-

375 3504 507 3581 clitum
528 3505 694 3584 Metella:
714 3506 813 3613 quasi
830 3534 894 3583 arx
914 3505 1082 3613 oppiduli
1101 3505 1222 3583 suerit.
1242 3506 1483 3583 Ferventilma
1500 3512 1536 3582 in
1553 3508 1657 3585 Urbe

376 3610 576 3689 lacliomun
596 3614 783 3720 partibus,
802 3643 886 3691 cnm
904 3616 1024 3690 Urlini
1043 3639 1156 3720 atque
1176 3612 1372 3691 Columna
1382 3618 1517 3690 mutuis
1538 3615 1655 3692 cladi-

378 3719 442 3794 bus
464 3725 664 3827 perniciem
691 3720 872 3801 inferrent
891 3727 1032 3799 civitati
1051 3768 1060 3823 3
1077 3727 1113 3798 in
1141 3718 1306 3799 utriusvis
1328 3726 1441 3832 partis
1470 3722 1655 3801 ditionem

379 3828 548 3929 caderet,
569 3833 694 3937 magni
712 3836 895 3908 momenti
914 3857 1005 3909 erat.

446 3938 544 4013 Cum
560 3943 725 4046 pergitur
738 3939 871 4017 eadem
889 3946 948 4015 via
968 3942 1088 4048 Appia
1117 3940 1260 4017 infinita
1278 3966 1374 4047 pene
1396 3939 1483 4014 liinc
1506 3943 1542 4013 ὃ(
1566 3935 1654 4015 inde

377 4040 653 4149 lepulclirorum
673 4045 807 4123 rudera
833 4073 1057 4146 occurrunt,
1076 4077 1238 4152 quorum
1264 4075 1341 4122 non
1369 4071 1488 4153 pauca
1511 4070 1655 4120 memo„

377 4175 432 4226 rat
452 4153 586 4227 Cicero
605 4156 642 4227 in
660 4148 896 4253 Tusculanis,
921 4182 1056 4262 nempe
1084 4155 1368 4251 Calatinorum,
1388 4150 1655 4257 Serviliorum,

376 4258 631 4337 llletellorum.
650 4262 771 4365 Hujus
791 4266 841 4337 rei
860 4264 1052 4340 occasione
1071 4261 1208 4339 sadum
1227 4261 1421 4366 cproddam
1439 4257 1586 4335 adserre
1604 4261 1657 4361 jua

376 4397 394 4432 r·
410 4391 456 4461 rr,
484 4366 584 4471 «paul
606 4362 752 4444 ledente
779 4373 1113 4447 lnuocentionll.
1136 4366 1496 4476 contigitllliimale
1517 4367 1648 4441 inille·

375 4470 1226 4585 aarnlrisextitempusconlignant.Qridamin
1246 4475 1357 4550 alium
1377 4472 1654 4585 Ponti-litatum,

375 4582 500 4657 vitiatssl
519 4584 554 4657 in
579 4581 701 4658 inultis·
720 4591 940 4662 narratione.
965 4591 996 4659 rs
1014 4589 1114 4687 cujus
1127 4582 1268 4660 sclieda
1280 4609 1460 4686 peneame
1473 4586 1656 4655 lantram-

373 4715 464 4797 pore
486 4693 572 4766 Sinti
600 4694 665 4771 IV.
689 4696 898 4770 luuucentii
917 4697 1021 4773 Vlll.
1043 4703 1079 4770 dc
1099 4690 1306 4768 Alexandri
1323 4693 1388 4769 Vl.
1409 4687 1656 4777 lloruit,ocu·
