4414 5692
976 496 1100 609 Caput
1125 486 1364 614 vr'gestmum.
1765 516 1840 612 289

552 602 674 682 sanda
692 606 815 683 Maria
834 670 845 704 ,
864 603 1014 687 suerunt
1031 610 1106 688 duo
1131 614 1272 723 templa
1289 611 1393 693 simul
1413 613 1537 720 juncia
1557 644 1643 696 eum
1661 616 1806 699 Palatio
1827 690 1838 722 ,

554 712 737 790 Phoebi&
757 716 987 815 Carmentis,
999 718 1061 796 uhi
1083 723 1309 802 Odavianus
1326 728 1538 830 Imperator
1553 728 1647 805 vidit
1659 728 1836 811 visionem

549 824 586 894 in
605 818 695 895 calo
713 823 818 925 juxta
838 830 866 866 ¹⁶
888 827 1157 908 Carmelariam
1172 832 1304 940 templi
1316 834 1401 936 Jam
1421 897 1431 928 ,
1450 838 1611 939 quierat
1631 834 1752 913 tullos
1764 840 1834 917 Ca.

550 925 670 1033 pitolii
686 992 697 1026 ,
714 930 800 1008 ideo
818 932 1010 1012 dicebatur
1027 965 1179 1018 aureum
1198 938 1454 1047 Capitolium,
1473 947 1559 1049 quia
1576 972 1650 1055 pra·
1662 944 1833 1024 omnibus

548 1040 670 1145 regnis
687 1042 798 1120 totius
816 1041 914 1121 orbis
929 1042 1097 1154 fulgebat
1115 1044 1292 1157 sapientis
1307 1054 1345 1127 &
1359 1047 1507 1130 decore.

877 1271 939 1342 De
957 1260 1104 1342 caballis
1123 1276 1316 1342 mannonis
1331 1278 1366 1343 in
1383 1275 1506 1345 Romu.

597 1471 744 1551 Caballi
763 1482 964 1556 marmorei
988 1478 1037 1556 ad
1057 1479 1148 1587 quid
1166 1480 1252 1560 faeti
1272 1480 1454 1580 fuerunt,
1478 1481 1570 1558 nudi
1595 1491 1633 1562 δε
1657 1484 1839 1570 homines

543 1580 652 1679 nudi,
668 1591 705 1660 ὅ(
725 1585 815 1691 quid
832 1589 1239 1696 *invenirent,&quid
1257 1588 1300 1666 sit
1317 1588 1421 1696 quod
1442 1613 1528 1667 ante
1549 1590 1713 1673 caballos
1733 1627 1830 1705 qun

541 1687 628 1765 dam
646 1688 785 1768 semina
801 1688 1029 1800 serpentibus
1043 1697 1276 1775 circumdata
1293 1692 1396 1776 sedet
1410 1695 1551 1774 habens
1562 1701 1749 1782 concham
1761 1733 1824 1784 an-

539 1819 576 1873 te
590 1792 634 1874 se.
664 1800 914 1908 Temporibus
932 1806 1171 1910 Imperatoris
1187 1803 1330 1883 Tiberii
1356 1829 1540 1884 venerunt
1558 1810 1726 1888 Romam
1747 1812 1824 1892 duo

536 1902 745 2013 philosophi
764 1912 935 2011 juvenes,
954 1911 1158 1989 Praxiteles
1177 1909 1313 1991 scilicet
1328 1922 1365 1991 ὃ(
1385 1912 1562 2013 Phidias,
1582 1944 1675 2022 quos
1700 1922 1823 2029 impe-

535 2036 638 2088 rator
656 2013 881 2120 cognoscens
900 2018 994 2094 dixit
1011 2024 1088 2096 eis:
1120 2022 1200 2097 Cur
1218 2022 1309 2097 nudi
1335 2021 1506 2099 inceditis
1526 2045 1537 2101 e
1566 2028 1643 2207 Qu
1670 2023 1819 2136 respon-

534 2119 665 2197 dentes
683 2123 875 2201 dixerunt:
894 2130 996 2233 Qia
1012 2131 1141 2204 omnia
1157 2129 1305 2206 nuda&
1319 2152 1449 2236 aperta
1465 2126 1546 2206 sunt
1562 2159 1612 2206 no
1642 2136 1689 2230 is,
1702 2143 1740 2213 ὃ(
1750 2164 1820 2243 pro

534 2225 651 2306 nihilo
673 2231 855 2308 mundum
876 2256 1066 2332 tenemus,
1086 2241 1172 2342 quia
1187 2262 1227 2315 tu
1247 2236 1636 2344 quidquid‚Domine
1656 2243 1822 2349 Impera-

532 2357 619 2431 tor,
644 2337 748 2413 nobis
765 2336 974 2417 absentibus
994 2347 1031 2419 in
1050 2344 1109 2420 die
1127 2343 1185 2422 vel
1204 2350 1241 2421 in
1262 2349 1425 2422 noereio
1445 2372 1594 2422 earneta
1612 2369 1676 2423 tua
1694 2356 1817 2427 conti-

531 2440 625 2519 liaris
646 2509 655 2540 ,
676 2443 841 2523 dicemus
860 2448 926 2524 tihi
945 2449 993 2525 ad
1012 2479 1126 2528 unum
1147 2451 1302 2529 verbum
1323 2496 1332 2550 3
1351 2451 1482 2558 quibus
1511 2456 1722 2559 Imperator
1741 2462 1816 2536 ait:

529 2555 564 2627 Si
582 2549 702 2627 sachis
719 2553 821 2660 quod
843 2555 979 2632 dixistis
999 2622 1008 2655 ,
1029 2558 1130 2633 dabo
1155 2558 1259 2635 vobis
1280 2558 1463 2665 quidquid
1482 2557 1601 2636 vultis.
1643 2565 1720 2669 Qu
1743 2563 1812 2642 rell

527 2659 736 2765 pandentes
756 2661 953 2739 dixerunt:
971 2663 1129 2741 Nullam
1149 2670 1346 2774 pecuniam
1367 2730 1377 2763 ,
1404 2663 1464 2742 sed
1485 2665 1648 2744 nostram
1666 2696 1811 2747 memo.

526 2773 617 2843 riam
637 2767 872 2875 postulamus.
894 2776 1081 2851 Veniente
1101 2772 1220 2851 altera
1235 2773 1293 2851 die
1308 2838 1319 2870 ,
1336 2800 1402 2881 per
1419 2773 1590 2851 ordinem
1603 2776 1812 2857 retulerunt

527 2877 748 2983 Imperatori
777 2877 960 2985 quidquid
987 2884 1025 2955 in
1046 2879 1109 2956 illa
1127 2886 1236 2960 nosse
1264 2880 1481 2957 conciliatus
1498 2880 1550 2958 est
1569 2926 1577 2980 3
1602 2883 1701 2961 unde
1721 2885 1811 2965 fecit

523 2987 571 3060 eis
595 2980 806 3091 promissam
862 2985 1065 3065 relibatam
1090 2991 1310 3068 memoriam
1337 3014 1467 3065 eorum
1494 2988 1585 3065 ficut
1601 2989 1807 3097 postulave-

521 3116 609 3167 runt
629 3156 638 3189 ,
655 3119 770 3198 equos
789 3013 963 3171 videlicet
983 3095 1103 3172 nudos
1122 3161 1132 3193 ,
1152 3100 1215 3202 qui
1232 3094 1379 3182 calcant
1394 3096 1602 3194 terram,id
1614 3098 1804 3213 estpoten-

522 3225 576 3276 tes
603 3204 784 3308 principes
804 3196 921 3277 seculi
941 3207 1003 3309 qui
1024 3203 1266 3280 dominantur
1293 3202 1505 3280 hominibus
1533 3203 1638 3309 hujus
1658 3208 1771 3282 saculi
1793 3244 1801 3295 ;

521 3313 644 3385 veniet
669 3312 752 3386 Rex
769 3310 1058 3415 potentillimus,
1080 3314 1141 3416 qui
1161 3306 1336 3388 ascendet
1353 3306 1457 3417 super
1474 3338 1615 3416 equos,
1636 3311 1726 3389 idest
1747 3309 1799 3390 lt

519 3443 586 3522 per
605 3421 813 3522 potentiam
831 3420 1038 3523 principum
1056 3416 1162 3520 hujus
1181 3417 1309 3494 seculi.
1347 3421 1391 3494 In
1409 3416 1484 3493 hoc
1505 3415 1710 3515 seminudi,
1737 3426 1799 3526 qui

519 3523 615 3601 stant
632 3526 736 3625 juxta
754 3551 868 3639 equos
885 3588 895 3619 ,
915 3523 1049 3599 &altis
1072 3522 1230 3600 brachiis
1248 3523 1486 3629 &replicatis
1507 3524 1648 3632 digitis,
1667 3554 1795 3605 mune„

516 3657 600 3708 rant
619 3656 663 3706 ea
683 3658 762 3737 quae
782 3638 907 3704 lutura
925 3653 1032 3706 erant
1057 3696 1069 3731 ,
1096 3640 1133 3708 &
1160 3631 1250 3709 sicut
1275 3630 1338 3736 ipli
1356 3627 1436 3706 lunt
1453 3631 1570 3727 nudi,
1599 3636 1652 3707 ita
1675 3638 1797 3710 omnis

515 3735 699 3815 rmmdalis
718 3732 867 3812 leientia
891 3737 993 3813 nuda
1010 3746 1048 3814 &
1067 3760 1195 3844 aperta
1212 3737 1264 3815 est
1278 3736 1463 3814 mentibus
1480 3764 1621 3815 eorum.
1642 3743 1797 3817 Femina

513 3843 745 3922 circumdata
764 3838 1010 3948 serpentibus,
1025 3839 1152 3921 sedens
1164 3840 1351 3921 &liabens
1362 3844 1548 3919 concham
1564 3870 1650 3922 ante
1662 3842 1695 3922 sc
1707 3912 1716 3945 ,
1727 3848 1795 3956 hg.

512 3952 638 4029 nilicat
658 3948 856 4029 Ecclesiam
876 3949 1000 4026 multis
1019 3954 1288 4058 Scripturarum
1317 3948 1565 4027 voluminibus
1585 3955 1794 4030 circumcla-

511 4084 587 4136 tam
607 4124 616 4154 ,
640 4086 751 4164 quam
773 4060 998 4163 quicumque
1017 4057 1145 4139 audire
1165 4056 1326 4135 voluerit
1347 4086 1421 4134 non
1438 4062 1599 4167 poterit,
1617 4060 1681 4136 nili
1695 4066 1794 4168 prius

509 4166 654 4245 lavetur
676 4170 713 4242 in
732 4164 879 4241 concha
896 4164 970 4243 illa.

798 4388 859 4462 De
868 4378 1042 4480 judicibus
1059 4391 1305 4482 Imperatorum
1323 4390 1359 4457 in
1377 4390 1500 4458 Roma.

557 4597 790 4673 Primicerius
809 4661 820 4694 ,
839 4595 932 4674 idest
956 4599 1076 4701 prima
1091 4623 1240 4695 manus,
1256 4595 1369 4672 chera
1386 4599 1485 4671 enim
1506 4591 1639 4668 Gracc
1659 4618 1789 4671 manus

499 4707 634 4782 dieitur
655 4738 662 4781 :
681 4705 791 4812 primi
808 4704 909 4812 apud
925 4704 1080 4809 Grecos
1098 4709 1218 4813 prima
1235 4723 1412 4803 vocatur,
1429 4695 1500 4810 ipse
1521 4696 1788 4880 ‹legethahcre

1613 4833 1637 4881 o
