4264 5684
298 406 362 487 -94
585 472 587 476 ,
762 377 946 472 Dierium
962 374 1137 474 Italicum

258 557 283 589 a
308 505 427 608 pserat
445 529 516 587 tres
535 505 657 591 libros.
699 513 813 614 Liber
827 511 938 590 sancti
958 513 1157 621 Augustini
1185 510 1232 592 ad
1253 512 1532 612 Marcellinum,
1558 513 1604 594 de

262 666 282 696 ω
310 608 433 720 spiritu
463 628 501 698 δι
522 620 668 701 littera.-
694 618 758 701 hic
777 620 869 699 liber
891 621 938 699 fic
956 622 1116 727 incipit:
1137 626 1246 702 Leiii‘s
1262 623 1423 735 opusculis
1447 650 1518 730 que
1542 651 1605 701 nu-

260 775 282 810 ..
302 721 555 829 ptrelaboravi.
588 728 715 807 Sermo
731 727 1062 837 saniliAugustini,
1083 725 1130 804 de
1149 727 1338 836 ptaesentia
1351 733 1427 809 Dei
1444 728 1491 807 ad
1505 732 1605 806 Dat-

258 885 282 917 „
307 822 444 907 danum
464 868 472 910 :
493 834 553 910 hic
570 836 662 915 liber
677 838 727 917 lic
741 838 891 944 incipit:
907 849 1029 914 Fateor
1037 865 1092 914 me
1095 838 1159 937 fili
1176 842 1344 917 Dardane.
1372 838 1468 915 Item
1486 838 1603 915 sermo

260 992 282 1023 „
308 932 416 1014 sancii
433 941 627 1050 Augustini
639 1009 655 1046 ,
669 946 720 1024 de
730 945 967 1056 virginitate:
981 943 1043 1021 hic
1060 945 1153 1021 liber
1170 943 1218 1022 fic
1234 949 1362 1053 incipit
1380 982 1398 1054 i¹
1414 961 1603 1054 Qantam

259 1097 282 1131 .
304 1050 344 1120 in
363 1047 537 1150 celestibus
553 1048 796 1134 beatitudinem
812 1049 1318 1238 vinginitessatiiapossideat.
1354 1055 1491 1160 Incipit
1513 1054 1605 1131 libet

259 1208 281 1238 a
305 1155 525 1263 Augustini,
548 1154 595 1236 de
610 1160 914 1272 verateligionee
933 1159 994 1239 liic
1011 1159 1107 1239 liber
1158 1186 1179 1238 c
1198 1160 1332 1268 iiic-ipit
1351 1196 1365 1242 ι
1385 1176 1476 1241 Cum
1493 1161 1604 1238 immi

259 1315 280 1344 .‚
304 1267 385 1337 vite
403 1262 493 1342 bine
511 1294 551 1343 ec
569 1266 680 1349 beare.
848 1298 850 1303 ⁴

259 1425 282 1456 ο
356 1369 466 1450 Libri
486 1402 515 1477 3.
539 1374 650 1454 sancti
663 1375 859 1487 Augustini
868 1436 883 1473 ‚
903 1370 950 1454 de
970 1375 1087 1455 verbo
1104 1375 1264 1455 Domini
1281 1376 1323 1455 in
1341 1375 1603 1485 Evangelillas,

258 1535 282 1566 .,
306 1498 389 1576 tter,
399 1476 441 1556 id
459 1481 521 1580 est,
535 1483 757 1585 Manliana,
774 1487 912 1580 Lucas,
929 1496 969 1566 &
983 1489 1157 1574 Ioannes.-
1168 1481 1273 1591 quod
1287 1513 1315 1562 o
1340 1486 1437 1583 usin
1458 1482 1603 1567 duobus

259 1641 281 1674 .,
304 1585 554 1668 voluminibus
572 1592 748 1698 scripturn
765 1592 957 1675 babemus.
987 1588 1079 1671 Non
1100 1588 1208 1693 dico,
1226 1512 1340 1699 qood
1353 1591 1399 1671 de
1414 1619 1491 1669 uno
1509 1591 1604 1673 libio

260 1752 282 1782 .,
306 1686 432 1772 divisio
447 1692 543 1776 facta
554 1696 628 1777 fiiit
639 1704 676 1777 in
688 1698 764 1778 dito
774 1701 984 1787 inluminat
995 1696 1056 1777 sed
1071 1699 1340 1803 quintumdem
1356 1699 1414 1777 bis
1426 1697 1603 1806 scriptum

259 1860 282 1889 .,
303 1800 496 1883 habemus.
530 1807 790 1913 Scripseramus
810 1806 964 1915 quidem
983 1831 1068 1884 eum
1083 1802 1253 1912 pridem,
1273 1804 1335 1885 sed
1357 1833 1529 1887 nontam
1549 1809 1605 1883 lu·

259 1971 282 2004 „
305 1912 466 1989 culenter
485 1939 528 1992 ut
544 1917 685 2021 postea:
697 1941 855 2023 quorum
873 1918 1011 2024 primus
1029 1914 1076 1993 lic
1091 1916 1223 2025 incipit
1242 1950 1255 1995 ς
1277 1916 1527 2025 Evangelisttm
1544 1943 1602 1992 aii·

257 2079 280 2108 „
305 2017 488 2109 divimus,
505 2022 548 2112 ὠ
565 2031 605 2100 in
623 2052 658 2103 eo
675 2033 860 2108 Dominum
881 2054 934 2104 eos
948 2046 1154 2130 argument.

260 2192 282 2220 „
358 2129 418 2204 De
431 2126 963 2242 ConsensuEvangeIistarum,
983 2129 1369 2239 libri1111.hocopus
1390 2129 1436 2209 fic
1448 2130 1599 2237 incipit:

261 2298 283 2326 „
304 2246 398 2312 later
414 2265 523 2316 omnes
535 2241 677 2318 divinas
693 2238 910 2320 authoritates
925 2266 998 2348 que
1005 2239 1120 2345 sacris
1136 2244 1262 2319 litteris
1275 2244 1495 2318 continentur.

204 2412 208 2418 .
260 2406 281 2435 „
361 2342 472 2420 Libet
493 2350 804 2455 etymologiarum
817 2346 943 2427 Isidori
960 2343 1136 2452 Spalenlis
1156 2350 1242 2451 (stc)
1260 2345 1435 2455 episcopi.

261 2519 281 2547 „
358 2451 459 2533 Libii
474 2483 528 2531 io.
549 2456 644 2532 Livii
667 2457 749 2560 (stc)
771 2456 819 2533 ab
832 2456 932 2534 Urbe
951 2451 1107 2531 condita
1126 2491 1137 2542 ς
1162 2454 1223 2532 sed
1241 2455 1366 2561 capita
1380 2480 1448 2531 xi.
1476 2450 1600 2532 adhuc

259 2629 281 2654 „
304 2549 437 2634 desunt
450 2562 692 2669 Pomposiano
711 2562 872 2660 Abbati,
891 2589 971 2669 quae
992 2562 1150 2667 repetire
1165 2561 1274 2643 aride
1293 2560 1449 2639 anhelat.

182 2664 211 2741 Γ
259 2740 280 2768 „
359 2663 474 2744 Liber
484 2672 736 2775 proemiorum
756 2669 918 2772 delibris
933 2671 1023 2749 novi
1036 2668 1473 2749 &vetetisTesIamenri
1503 2670 1599 2752 Iteni

258 2849 280 2878 „
304 2770 396 2850 libet
413 2773 525 2854 saitsti
546 2778 702 2878 Isidori,
727 2774 774 2857 de
789 2779 867 2857 vita
878 2839 890 2875 ,
908 2802 994 2855 ortu
1020 2786 1059 2855 bt
1078 2776 1188 2855 obito
1208 2774 1413 2855 sannorum
1437 2778 1599 2878 Panum,

260 2952 282 2984 υ
305 2880 370 2981 qui
396 2881 436 2959 iii
456 2882 715 2991 scripturatum
731 2884 904 2966 laudibus
928 2883 1164 2963 resonantur:
1184 2885 1246 2961 hic
1266 2882 1359 2962 liber
1380 2882 1430 2960 sic
1449 2885 1599 2992 incipit:

256 3067 277 3098 ω
302 2996 483 3098 Incipiunt
498 3002 635 3070 nomina
653 3050 1030 3074 ...........
1059 2989 1274 3070 Sanctorum
1293 2993 1444 3069 Pactum
1468 2996 1600 3072 vereris

256 3159 277 3186 „
301 3095 525 3177 Testamenti
542 3101 690 3208 mystice*
715 3104 874 3211 exposita
892 3098 914 3178 ii
933 3101 1055 3179 sanilo
1076 3095 1211 3176 Isidoro
1232 3097 1390 3205 Spalensi
1410 3093 1596 3207 episcopo.

257 3256 278 3284 a
301 3204 380 3282 Hic
398 3206 489 3285 liber
507 3208 554 3286 fic
564 3211 719 3318 Incipit:
733 3210 844 3288 Adam
849 3213 1002 3315 figurem
1013 3202 1143 3311 christi
1154 3207 1311 3314 gestavit.
1339 3205 1433 3282 Item
1444 3212 1601 3288 nomina

256 3363 278 3393 i.
302 3306 504 3392 sannorum
522 3313 687 3398 denoto
705 3316 942 3397 Testamento
954 3349 963 3394 ι
976 3315 1050 3391 hoc
1067 3340 1158 3418 opus
1175 3313 1223 3390 lic
1239 3313 1369 3420 incipit
1387 3345 1398 3389 r
1416 3324 1596 3427 Qatitor.

257 3471 277 3500 ‚i
302 3419 489 3503 ChronIca
508 3420 750 3507 santiilsrdori
768 3425 941 3530 Spalensis
956 3419 1133 3527 episcopi,
1146 3419 1351 3499 describens
1371 3417 1600 3502 historiarum

259 3582 278 3607 .‚
303 3526 524 3610 breviarium
543 3535 590 3612 ab
606 3531 758 3614 exordio
779 3531 923 3631 mundi,
936 3532 1051 3635 usqne
1072 3526 1118 3605 ad
1136 3531 1299 3607 Heraclii
1318 3553 1476 3632 tempus,
1496 3528 1597 3606 libet.

259 3691 278 3716 ω
304 3636 413 3715 Liber
431 3637 714 3721 differentiarum
734 3639 861 3722 Isidori
880 3636 1052 3747 Spalcnlis
1073 3635 1234 3743 episcopi
1252 3672 1264 3715 i
1287 3637 1350 3714 hic
1368 3637 1461 3712 libet
1475 3636 1522 3714 sic
1544 3638 1598 3714 iri-

259 3796 280 3823 „
304 3745 425 3850 cipit.
451 3807 461 3826 .
489 3807 498 3825 .
525 3810 532 3825 .
564 3809 572 3826 .
596 3808 608 3827 .
636 3811 644 3831 .
669 3752 765 3828 Item
782 3747 827 3826 de
845 3745 1137 3829 distinctionibus
1155 3770 1313 3849 quatuor
1325 3746 1520 3823 vitiorum:
1536 3747 1599 3821 liic

259 3905 280 3933 .‚
304 3849 397 3931 liber
422 3853 470 3933 sic
488 3857 646 3963 incipit:
668 3874 791 3937 contre
818 3855 886 3933 bec
912 3878 981 3933 ram
1005 3885 1041 3944 4·
1061 3859 1232 3929 virtutum
1248 3879 1383 3960 genera.
1425 3853 1518 3929 Item
1546 3855 1600 3931 sc-

258 4013 280 4042 „
304 3959 467 4061 condus,
486 3962 534 4042 de
550 3960 1002 4044 differentiis'verboruni:
1020 3962 1082 4039 hic
1098 3961 1188 4036 libet
1211 3958 1258 4035 sic
1278 3961 1431 4064 Incipit:
1450 3961 1600 4060 Iſsdorus

257 4121 279 4151 ω
300 4065 416 4150 leniri·
424 4073 586 4174 saltitem.
616 4076 777 4181 Plerique
796 4094 948 4151 veterum
954 4069 1153 4172 semotum
1172 4063 1375 4173 differentiis
1398 4068 1601 4172 distinguere

259 4232 279 4261 ..
289 4178 506 4277 studuerunt.
535 4183 662 4258 Sermo
683 4178 807 4259 Isidori
827 4206 955 4259 contra
974 4179 1175 4255 Attianos:
1194 4175 1259 4280 qui
1273 4175 1322 4253 fic
1333 4178 1467 4282 incipit
1487 4182 1599 4253 :Veni

258 4298 443 4369 „Domine
456 4282 539 4394 Jesie
561 4286 695 4368 cirine
713 4290 896 4398 redemptor
914 4287 1031 4390 niijiet.
1094 4390 1096 4392 V

257 4450 279 4481 ι»
356 4398 480 4476 Sermo
499 4397 610 4475 simili
632 4399 781 4489 loannis
811 4398 868 4473 Os
894 4394 1012 4490 aurci,
1031 4391 1078 4467 de
1100 4392 1239 4498 psalmo
1259 4419 1293 4470 t.
1324 4402 1362 4471 bc
1379 4395 1597 4497 poenitentia

259 4558 278 4586 ‚i
302 4504 449 4604 David,
470 4508 534 4611 qui
554 4505 602 4584 sic
620 4507 751 4611 'incipit
770 4538 780 4583 ι
803 4504 865 4580 Ad
877 4529 967 4583 cene
986 4528 1050 4578 vos
1066 4505 1227 4607 reliqiuas
1242 4529 1414 4578 vitamus.
1441 4503 1599 4605 Epistola

257 4665 279 4693 a
301 4609 465 4719 ejusdcm
495 4609 544 4693 ad
567 4642 630 4695 eos
656 4617 723 4724 qui
739 4610 904 4711 dicunt,
934 4634 1046 4717 quate
1065 4635 1141 4689 noti
1160 4607 1350 4688 demedio
1372 4608 1531 4692 sublatus
1548 4611 1599 4689 cst
