4414 5692
869 489 999 608 Caput
1016 476 1258 606 vigesimum
1274 473 1507 599 strandum.
1791 530 1866 609 329

545 626 679 682 ueram
696 597 768 685 eise
786 606 1050 708 crediderint,
1069 607 1240 687 habeant
1261 606 1570 691 benedidionenr
1588 609 1670 691 Dei
1688 620 1865 729 omnipo.
1888 650 1912 687 c<

540 718 660 808 tentis
680 718 823 817 Patris,
843 726 881 796 &
899 717 1003 817 Filii,
1019 726 1058 796 δέ
1076 717 1234 827 Spirinis
1252 722 1397 821 Samii,
1413 748 1568 800 necnon
1582 723 1864 808 &Beataesem-
1888 759 1912 797 t<

541 850 614 931 per
635 828 802 936 Virginis
821 830 900 905 Dei
918 828 1127 906 Genitricis
1144 832 1301 930 Mariae,
1321 837 1362 910 δι
1379 835 1554 912 omnium
1565 832 1770 915 caelestium
1780 842 1866 921 Vir·
1886 869 1913 909 c<

543 956 671 1011 tutum
692 1000 702 1035 ,
722 944 761 1014 δέ
781 932 993 1017 sauciorum
1021 938 1332 1036 Patriareharum
1350 942 1690 1054 &Prophetarum
1711 1012 1722 1046 ,
1741 946 1864 1057 Apos-
1885 981 1910 1018 α

542 1042 715 1123 tolosum
732 1111 745 1146 ,
763 1048 1115 1159 Evangelistarum,
1133 1046 1722 1160 Discipulorum,Innocentium
1734 1061 1862 1159 ,niara
1885 1092 1909 1129 u

539 1175 694 1259 tyrum,
714 1156 982 1240 Confefforum
1000 1184 1117 1270 atque
1137 1165 1366 1273 Vstgiuuns,
1382 1171 1422 1243 ὅ(
1440 1169 1614 1247 omnium
1631 1168 1862 1273 Eleetorum,
1884 1204 1909 1242 ce

541 1268 681 1343 Amen.
706 1270 805 1348 Haec
826 1275 957 1349 onmia
976 1268 1061 1349 sunt
1083 1269 1288 1372 ordinata,
1306 1279 1344 1352 ὅ(
1363 1271 1517 1355 firmata
1535 1277 1862 1359 anno-millefimo
1884 1315 1909 1353 α

539 1376 750 1455 centesimo
771 1380 1027 1492 odluagesrmo
1044 1373 1224 1462 secundo,
1265 1384 1526 1464 Decernimus
1544 1412 1639 1499 ergo
1661 1455 1673 1490 ,
1699 1412 1742 1469 ut
1766 1391 1861 1471 nulli
1883 1424 1908 1463 α

541 1490 701 1564 omnino
718 1488 923 1573 hominum
946 1490 1061 1570 lioeat
1079 1490 1182 1570 hanc
1205 1496 1384 1603 paginam
1404 1494 1541 1574 nostrat
1559 1498 1861 1580 confirmationis
1883 1536 1908 1574 α

537 1594 748 1707 infringere
765 1668 775 1703 ‚
792 1600 853 1680 vel
871 1606 905 1681 ei
924 1597 1012 1679 ausu
1032 1607 1240 1682 temerario
1261 1607 1464 1685 contraire.
1487 1610 1523 1687 Si
1544 1614 1626 1717 quis
1642 1612 1860 1692 autemhoc
1882 1646 1908 1683 α

538 1731 731 1789 attentare
751 1706 1049 1821 praesumpserit,
1069 1712 1376 1823 indignationem
1397 1722 1673 1828 omnipotentis
1696 1724 1804 1823 Dei,
1822 1732 1860 1803 ὅ(
1882 1756 1907 1795 α

538 1813 741 1898 beatorum
761 1824 918 1901 Petri&
938 1820 1050 1901 Pauli
1065 1824 1341 1933 Apostolorum
1361 1826 1439 1931 ejus
1466 1823 1673 1911 senoverit
1691 1829 1858 1912 meursu-
1881 1866 1907 1903 a

539 1949 632 2006 tum.
660 1933 810 2009 Datum
827 1932 993 2015 Velletri
1009 1927 1176 2012 secundo
1190 1935 1489 2047 KalendasJulii.
1881 1977 1907 2016 <t

569 2092 573 2095 γ
592 2037 713 2118 Adest
731 2041 891 2153 figillum
913 2042 1137 2154 plumbeum
1158 2047 1352 2157 pendens,
1369 2073 1415 2125 ex
1432 2074 1627 2161 unaparte
1638 2048 1860 2164 inscriptum

537 2142 703 2246 liabens,
714 2157 863 2235 Sant'lus
877 2157 1041 2250 Paulus,
1058 2160 1369 2251 sandalum,
1389 2184 1435 2236 ex
1447 2158 1589 2257 altera,
1607 2176 1739 2244 Lucius
1749 2176 1861 2270 Papa

535 2269 690 2341 Tertius,

587 2485 637 2560 In
657 2482 817 2562 archivo
839 2486 1031 2571 Casrnensr
1057 2492 1242 2603 pleraque
1265 2492 1338 2572 alia
1359 2521 1494 2606 regum
1526 2493 1707 2573 Sardiniae
1734 2492 1860 2603 diplo-

533 2618 641 2670 mata
662 2622 918 2703 comparent,
939 2604 1147 2681 vernaculo
1166 2600 1292 2681 irrinlae
1309 2604 1495 2683 idiomate
1514 2597 1753 2714 conscripta,
1776 2633 1860 2712 qua:

534 2701 749 2784 adferenda
766 2736 845 2785 non
863 2734 1050 2817 putamus
1074 2717 1193 2825 juvat
1204 2713 1297 2791 duas
1307 2716 1478 2793 Honorii
1499 2711 1620 2793 bullas
1635 2718 1673 2793 in
1685 2714 1858 2794 medium

531 2813 751 2916 adducere,
770 2816 834 2894 ubi
854 2820 1134 2902 Monasterium
1155 2822 1357 2933 quoddam
1378 2822 1854 2939 Constantinopolitanum

529 2924 728 3005 Casmensr
748 2926 988 3011 adtributum
1007 2931 1139 3014 fertur.

619 3194 623 3201 ³
660 3149 698 3228 O
713 3174 846 3229 Nou-1
861 3177 918 3231 us
948 3148 1151 3267 Episcopus
1166 3224 1183 3259 „
1212 3151 1337 3236 servus
1361 3151 1557 3240 servorum
1574 3160 1664 3238 Dei.
1693 3158 1854 3243 Dileelis
1876 3196 1900 3232 <a

529 3146 573 3365 l
657 3258 739 3337 filiis
760 3260 961 3343 Abbati&
982 3267 1205 3346 Conventui
1224 3267 1418 3347 Casrnenst
1436 3264 1596 3348 salutem
1609 3271 1850 3379 &Apostoli
1874 3303 1899 3342 t<

528 3396 617 3448 cain
640 3370 958 3453 benediclionem.
987 3377 1131 3455 Cuma
1150 3376 1260 3457 nobis
1284 3381 1427 3489 petitur
1450 3378 1557 3489 quod
1578 3378 1717 3485 justum
1740 3381 1793 3461 est
1812 3391 1850 3463 &
1872 3418 1897 3452 «

525 3478 733 3559 bonestom
752 3548 763 3581 ,
781 3508 862 3561 tam
883 3490 994 3593 vigor
1007 3492 1197 3595 aequitatis
1216 3517 1332 3598 quam
1353 3489 1453 3567 ordo
1470 3494 1589 3600 exigit
1607 3494 1789 3593 rationis,
1807 3520 1850 3572 ut
1872 3526 1896 3562 κ

528 3590 569 3667 id
591 3618 658 3699 per
676 3585 973 3674 sollicitudinem
997 3597 1112 3675 officii
1131 3598 1248 3677 nostri
1271 3599 1322 3677 ad
1342 3598 1515 3679 debitum
1536 3599 1774 3709 producatur
1793 3602 1848 3682 ef·
1871 3629 1895 3673 <t

527 3697 680 3779 fecium
723 3704 824 3783 Cum
845 3708 965 3814 igitur
992 3704 1102 3785 bonae
1131 3715 1326 3787 memoriae
1346 3711 1571 3789 benedictus
1589 3709 1689 3787 tituli
1718 3706 1849 3793 saneta
1869 3740 1894 3783 c<

529 3807 728 3911 Susanna,
756 3811 956 3921 presbyter
986 3817 1231 3918 Cardinabs,
1256 3818 1457 3929 legationis
1477 3848 1659 3899 exercens
1677 3822 1848 3903 officium
1869 3857 1893 3893 c<

526 3925 564 3999 in
585 3919 754 4031 partibus
775 3926 977 4003 Romania
997 3993 1008 4028 ‚
1025 3927 1307 4008 Monasterium
1323 3926 1455 4008 lanstae
1473 3934 1608 4010 Mariae
1620 3930 1669 4011 de
1681 3937 1848 4041 Virgioti
1870 3967 1894 4003 α

523 4056 638 4121 extra
657 4035 853 4113 civitatem
878 4036 1349 4149 Constantinopolitanam
1376 4037 1476 4117 infra
1502 4040 1583 4118 duo
1607 4039 1784 4121 milliaria
1802 4043 1846 4122 sr.
1869 4078 1893 4114 α

525 4167 610 4229 tum
625 4210 640 4245 „,
666 4172 758 4225 cum
776 4145 957 4224 universis
973 4153 1212 4257 pertinentiis
1228 4145 1321 4251 luis,
1341 4148 1551 4228 rationibus
1574 4158 1611 4229 ὅ(
1632 4158 1845 4262 proprieta-
1867 4188 1891 4223 c<

525 4251 625 4337 tibus
646 4258 871 4335 austoritate
890 4256 1091 4365 legationis
1108 4256 1275 4368 ejusdem
1295 4259 1402 4338 vobis
1422 4268 1460 4340 ὃ(
1477 4288 1545 4372 per
1562 4290 1629 4343 vos
1647 4264 1842 4343 Monaste-
1865 4298 1890 4332 «

524 4367 583 4440 rio
612 4360 835 4443 concesserit
863 4366 1056 4447 Calinensr
1079 4374 1161 4470 3ita
1182 4394 1312 4449 tamen
1330 4437 1341 4471 ,
1362 4369 1470 4479 quod
1495 4370 1686 4451 Monachi
1715 4374 1843 4451 Graeci
1866 4408 1890 4442 t<

522 4499 813 4556 commorantes
824 4474 974 4565 ¹ibidem
994 4506 1063 4587 per
1083 4509 1150 4558 vos
1171 4480 1261 4561 inde
1279 4478 1496 4561 nullatenus
1515 4479 1780 4590 expellantur,
1799 4482 1842 4589 fi.v
1865 4516 1889 4552 α

522 4608 590 4663 cut
607 4590 646 4662 in
662 4582 831 4690 ejuldem
847 4586 1074 4667 authentico
1095 4585 1356 4700 perspeximus
1369 4590 1515 4701 plenius
1534 4595 1723 4670 contineri
1735 4596 1843 4695 3Nos
1864 4627 1888 4663 «

520 4693 653 4775 ,vestris
669 4694 771 4801 justis
784 4695 961 4807 precibus
977 4697 1150 4778 inclinati
1168 4701 1445 4785 concelbonem
1461 4695 1701 4811 ipsanrgsrcut
1711 4706 1840 4811 proin·
1864 4736 1888 4773 «

522 4804 573 4888 de
593 4802 691 4888 iacta
708 4805 781 4909 est,
801 4832 924 4892 ratam
936 4806 1142 4914 habentes,
1157 4810 1392 4901 authoritate
1404 4810 1841 5002 Apostolicdponiirma.
1863 4845 1888 4884 <r

1676 4944 1693 5000 t
