4422 5692
974 461 1102 577 caput
1114 440 1404 537 duodecimum.
1784 476 1861 576 167

530 586 750 698 pertineant
768 574 993 690 explorare,
1012 584 1052 656 &
1071 570 1253 684 quasdam
1266 566 1393 676 ansas,
1413 567 1540 652 fitulas
1551 598 1707 685 quoque
1717 600 1860 683 aneas,
1883 615 1907 650 ιι

531 722 603 806 par
618 688 797 772 forficum
817 712 1008 787 aenearum
1025 682 1269 795 longitudine
1290 682 1457 763 duorum
1466 680 1688 795 palmorum
1705 687 1864 769 &dimi
1884 723 1909 760 ιι

535 802 589 882 dii
602 848 612 906 5
624 831 707 911 quae
726 826 772 880 ea
789 799 940 877 ratione
957 792 1140 875 conferta
1159 817 1291 897 erant,
1310 819 1354 874 ut
1367 820 1455 906 pars
1474 791 1598 875 altera
1616 791 1728 875 firma
1745 799 1864 878 consr-
1884 832 1909 869 ιι

536 912 676 1014 steret,
692 908 815 990 altera
833 904 884 987 ad
902 901 1107 986 secandum
1126 928 1370 1007 moveretur,
1382 902 1489 1015 queis
1501 906 1556 984 uti
1573 898 1697 986 solent
1716 905 1863 990 stannci
1885 943 1909 978 ιι

538 1020 721 1121 artifices,
736 1027 775 1099 ὅ(
795 1020 861 1128 qui
886 1013 1046 1098 tabellas
1061 1042 1183 1095 aneas
1202 1009 1341 1095 secant.
1361 1019 1460 1128 Qu:
1469 1011 1623 1098 forfices
1640 1014 1786 1098 indicio
1797 1024 1864 1098 mi.
1885 1052 1909 1090 ιι

538 1127 776 1232 hisunt,isto
795 1132 835 1208 in
854 1125 943 1207 loco
961 1119 1066 1206 fuisse
1084 1120 1240 1204 lusorias
1257 1124 1548 1227 officinas,nam
1560 1117 1645 1206 sunt
1654 1154 1790 1210 revera
1806 1133 1861 1209 in.
1885 1162 1910 1200 ιι

538 1238 750 1322 strumenta
761 1233 940 1320 susorum.
952 1240 1052 1318 Haec
1062 1262 1165 1315 anno
1174 1240 1353 1347 proximo
1374 1236 1524 1348 (scilicet
1539 1269 1630 1346 1s9
1640 1271 1674 1344 3.
1685 1245 1697 1335 )
1710 1265 1863 1352 reperta
1886 1273 1910 1309 ιι

538 1349 644 1452 sunt,
664 1349 758 1430 dum
778 1372 922 1428 terram
937 1370 1187 1428 excavarent:
1204 1374 1331 1458 neque
1347 1345 1506 1427 dubium
1520 1345 1573 1428 est
1584 1347 1658 1428 alia
1665 1376 1863 1461 repertum
1886 1382 1911 1418 u

539 1465 585 1540 iri
605 1459 740 1570 quibus
759 1462 815 1539 rei
833 1460 972 1537 veritas
990 1454 1193 1537 indicetur.
1501 1468 1504 1473 ’
1886 1492 1911 1529 ιι

603 1568 811 1650 Doliolum
831 1565 906 1647 sive
931 1594 1042 1647 mons
1051 1565 1258 1648 Testaceus
1274 1564 1407 1647 dtestis
1415 1562 1610 1647 doliorum
1621 1566 1864 1681 aliorumque

540 1675 715 1759 vasorum
737 1676 953 1788 frequentii
969 1701 1175 1786 utrumque
1200 1703 1346 1757 nomen
1356 1700 1577 1781 mutuatur,
1597 1675 1740 1761 ibidem
1762 1710 1864 1790 quae-

541 1788 633 1868 dam
652 1783 783 1871 effoffa
801 1810 994 1869 memorat
1010 1784 1115 1866 idern
1133 1785 1321 1899 Sculptor.

602 1902 631 1979 F
649 1928 673 1980 t
694 1927 724 1979 A
747 1928 781 1980 st
801 1929 815 1981 1
836 1924 864 1979 u
888 1927 902 1977 1
922 1929 953 1981 u
974 1925 991 1979 s
1016 1901 1055 1979 V
1076 1923 1106 1975 Α
1127 1922 1152 1975 c
1172 1923 1197 1976 c
1216 1924 1257 1977 A.
1277 1896 1485 1978 Recordor
1494 1899 1672 2009 proximi:
1688 1897 1864 1981 Tiberim
1888 1949 1913 1986 ιι

543 2002 667 2088 versus
680 2007 912 2090 Testaceum
931 2003 1306 2108 montem,invillae
1336 2010 1421 2085 uitis
1433 2010 1664 2110 Surrentini,
1683 2036 1865 2121 magnam
1888 2059 1913 2096 ιι

542 2122 696 2230 copiam
712 2144 863 2199 erutam
887 2112 992 2199 fuiffe
1014 2144 1253 2197 marmorum
1278 2035 1551 2197 Asricanorum
1576 2125 1614 2198 δι
1641 2120 1768 2200 Porta
1787 2115 1866 2199 san-
1887 2169 1912 2206 ιι

541 2252 613 2331 tae,
628 2257 712 2339 qua:
731 2228 783 2307 ad
799 2223 905 2307 usum
924 2224 1080 2308 fornicis
1091 2223 1197 2307 cellae
1207 2229 1359 2306 vinaria:
1367 2226 1454 2307 rudi
1465 2254 1582 2338 opere
1593 2224 1735 2340 scalpta
1745 2256 1865 2310 erant.
1887 2279 1913 2315 ιι

534 2343 707 2450 disperit
726 2338 831 2418 idem
856 2363 972 2447 eques
991 2335 1191 2418 columnas
1209 2363 1462 2419 exmarmore
1474 2337 1614 2419 Sabino
1632 2338 1866 2451 &Sipollino
1889 2388 1914 2424 ιι

544 2447 716 2530 similiter
735 2447 822 2528 rudi
838 2477 863 2526 o
892 2475 967 2528 ere.
994 2452 1172 2557 Itemque
1193 2444 1289 2526 duos
1315 2447 1547 2558 Lupercales
1570 2446 1784 2529 belliffimos
1804 2454 1868 2559 qui
1890 2498 1915 2534 ιι

544 2587 635 2639 uvas
651 2587 766 2639 manu
784 2476 1141 2658 tenebant,trunco
1160 2561 1291 2659 nixos,
1313 2561 1374 2637 cui
1383 2556 1554 2639 haerebat
1565 2564 1720 2670 caprina
1738 2559 1869 2671 pellis,
1890 2608 1915 2644 ιι

544 2674 647 2749 intra
696 2667 813 2750 ellem
840 2694 933 2749 vero
950 2665 1128 2747 obvoluti
1145 2690 1257 2748 erant
1283 2666 1432 2780 aliquot
1457 2669 1634 2750 cuniculi.
1652 2674 1868 2780 Repertum
1890 2718 1916 2754 ιι

545 2782 640 2860 item
657 2698 730 2859 sirit
747 2802 863 2889 caput
878 2803 1141 2859 marmoreum
1160 2776 1301 2859 Coloffi
1323 2823 1333 2881 3
1352 2779 1457 2888 cujus
1474 2777 1680 2891 longitudo
1695 2778 1717 2858 d
1733 2804 1868 2860 mento
1891 2827 1917 2863 ιι

547 2890 599 2968 ad
617 2886 845 3001 capillorum
864 2887 1033 2988 radices,
1052 2883 1198 2999 septem
1216 2887 1434 3000 palmorum
1447 2913 1540 2969 erat.
1562 2888 1764 2969 tdcoemit
1778 2886 1870 2968 scul-
1891 2937 1916 2972 ιι

576 3024 662 3101 tor,
686 3001 790 3108 cujus
808 2997 946 3076 domus
964 3025 1035 3109 pro
1063 3023 1236 3078 earcum
1261 2996 1518 3112 Portugalliae.
1540 3000 1669 3110 Caput
1697 2998 1869 3080 autema
1892 3048 1916 3082 ιι

549 3028 672 3191 satore
689 3108 798 3189 arctis
818 3136 921 3187 nunc
937 3136 1013 3187 con
1029 3105 1121 3188 rdet
1892 3157 1917 3192 ιι

613 3231 728 3303 Porta
738 3216 868 3331 sansla
891 3244 1010 3329 genus
1022 3215 1231 3328 lapidisest,
1240 3221 1280 3295 in
1290 3214 1456 3297 aediliciis
1466 3223 1654 3303 Romanis
1669 3248 1749 3301 non
1759 3218 1872 3303 infre-

581 3358 692 3431 uens,
702 3323 926 3439 quibusdam
938 3323 1178 3408 lineamentis
1190 3323 1422 3438 maculisque
1434 3329 1559 3413 rubeis
1575 3329 1800 3411 distindlum.
1812 3334 1873 3410 Ita

552 3360 695 3519 diuum
717 3441 881 3548 quia,ut
893 3436 1066 3540 videtur,
1080 3461 1194 3549 porta
1203 3436 1380 3548 quaedam
1401 3435 1524 3520 sanda
1534 3466 1581 3519 eo
1590 3437 1717 3550 lapide
1736 3439 1872 3522 stmdla

553 3575 771 3660 ornataque
789 3544 872 3627 fuit.
892 3550 1072 3629 Mamror
1102 3547 1284 3629 Sabinum
1303 3546 1352 3627 stc
1371 3575 1552 3628 vocatum
1573 3549 1729 3651 aestimo,
1741 3555 1829 3662 quia
1850 3551 1873 3629 *c

553 3659 693 3741 Sabina
710 3658 903 3738 edudtum.
925 3655 1152 3769 Sipollinum
1169 3684 1289 3769 genus
1306 3664 1510 3737 mannoris
1535 3658 1614 3738 albi
1633 3660 1688 3741 est
1707 3659 1876 3740 maculo.

552 3770 633 3849 sum
644 3766 774 3880 ,quod
790 3766 894 3877 quast
903 3794 1017 3877 cepe,
1028 3766 1235 3850 vernaculo
1245 3766 1430 3849 idiomate
1445 3770 1793 3873 St'poda,detritum
1804 3775 1875 3850 'ceu

553 3874 1146 3989 insquamas&soliaresolvitur.
1159 3876 1369 3959 Cuniculos
1380 3879 1429 3958 ad
1442 3879 1712 3990 Lupercalium
1729 3881 1875 3961 cultum

553 3989 749 4072 adhibitos
765 3982 948 4099 nusquam
967 3993 1151 4100 comperi.
1172 3980 1363 4069 Colossale
1382 3990 1541 4071 demum
1560 4015 1697 4100 caput,
1717 3991 1877 4102 aliquod

554 4128 690 4181 eorum
711 4096 825 4180 suerit
846 4127 930 4208 qua:
952 4090 1062 4207 supra
1081 4094 1342 4183 recensuimus.

615 4214 937 4290 Ftnmrurus
977 4213 1190 4289 Vnccn.
1211 4209 1328 4286 Anno
1348 4212 1527 4318 proximo
1548 4207 1699 4320 (scilicet
1717 4215 1874 4320 rspy.)
1898 4248 1923 4285 ιι

554 4347 676 4430 prope
694 4318 925 4400 Testaceum
945 4341 1121 4398 montem
1131 4321 1171 4395 in
1188 4314 1277 4396 loco
1296 4322 1361 4428 qui
1376 4316 1517 4398 dicitur
1529 4334 1589 4400 La
1604 4320 1794 4431 Caefirrr'na,
1812 4320 1877 4399 de-
1899 4358 1924 4394 ιι

557 4434 663 4513 reue
680 4424 764 4507 sunt
781 4428 971 4507 columnae
988 4428 1166 4537 quaedam
1182 4425 1309 4528 flavae,
1337 4455 1421 4538 quae
1439 4455 1507 4539 per
1528 4430 1700 4510 Tiberim
1719 4428 1875 4508 fluvium
1899 4468 1924 4504 ιι

557 4538 723 4617 advecta:
741 4537 793 4623 ad
808 4542 838 4618 ri
867 4565 930 4617 am
950 4564 1168 4620 exoneratae
1185 4535 1350 4617 fuerant.
1371 4541 1466 4619 Sunt
1488 4545 1603 4621 etiam
1616 4538 1760 4617 ibidem
1778 4566 1875 4618 mar·
1898 4578 1924 4613 ιι

557 4675 668 4725 mora
677 4651 770 4724 varii
783 4567 944 4746 colbris,
961 4652 1091 4756 primis
1109 4644 1244 4758 scalpri
1262 4646 1393 4726 idibus
1403 4647 1620 4728 elaborata:
1637 4677 1719 4757 qut
1730 4649 1875 4753 jamdiu
1898 4684 1924 4722 ιι

558 4754 638 4835 istic
658 4781 790 4857 eruta,
807 4750 870 4835 sed
889 4781 1027 4866 operta
1049 4757 1207 4837 maculis
1233 4752 1469 4870 superficiem
1494 4756 1820 4862 deformantib'us,
1838 4766 1878 4839 dt
1899 4796 1924 4831 ιι
