4180 5684
476 320 561 429 448
959 305 1163 406 ‘Diart'am
1184 302 1387 400 Italicum.

476 428 747 546 repracsentare
784 435 913 516 villam
941 439 981 518 in
1012 464 1090 548 qua
1130 428 1244 515 turris
1274 432 1456 535 editior,
1493 431 1672 515 villarum
1705 444 1807 518 anti.

476 573 642 655 quarum
663 572 796 649 more,
814 572 1015 657 comparet
1035 613 1047 649 ,
1072 545 1378 660 frequentislimis
1396 541 1567 626 fenestris
1585 544 1636 624 ad
1651 545 1805 660 prospe.

473 662 578 735 sium
596 653 774 736 instrusla
791 691 799 736 ε
816 655 948 769 estque
971 661 1142 737 carnario
1168 656 1323 771 qualem
1341 655 1487 738 invilla
1525 653 1589 737 sua
1607 684 1803 739 memorat

473 766 619 850 Plinius
635 765 659 846 l.
682 800 710 847 2.
732 795 789 879 ep.
811 795 866 873 17.
897 781 1105 851 Hictanis
1130 782 1301 882 erigitur,
1327 766 1493 869 sicilie,
1508 768 1575 880 fieb
1592 797 1669 877 qua
1686 769 1802 849 diaetae

473 878 572 973 dua,
587 878 730 956 totidem
750 893 786 958 in
805 879 890 991 ipſsa.
917 892 1098 963 Praeterea
1116 892 1260 961 cenatio
1274 905 1354 987 qaae
1368 878 1573 965 latiffimum
1591 909 1709 977 mare,
1726 880 1798 960 son·

466 989 640 1101 giffimum
652 989 779 1085 littra,
795 990 1340 1102 amoniffimasvisasprospicit.
1372 992 1437 1070 De
1450 992 1545 1068 turri
1562 994 1707 1101 pariter
1715 1018 1800 1105 quae

471 1105 511 1182 in
531 1097 621 1185 villa
642 1102 735 1185 Baffi
755 1103 975 1217 erigebatur
994 1100 1212 1220 prospedlds
1233 1094 1457 1202 canonae
1475 1098 1679 1185 Martialis.

657 1307 707 1373 Et
729 1315 822 1371 turre
838 1293 886 1372 ab
901 1293 983 1371 alta
996 1291 1159 1406 prospicit
1179 1322 1295 1371 meras
1309 1289 1450 1386 laurus,

659 1416 875 1513 furemque,
890 1416 1025 1512 Priapo
1043 1418 1289 1503 nontimcnte,
1302 1400 1450 1514 securus.

525 1596 569 1671 ln
585 1590 658 1670 hac
676 1593 811 1673 itidem
832 1592 923 1672 villa
943 1596 1122 1704 Priapus,
1146 1594 1230 1702 rupi
1250 1594 1420 1694 innixus,
1445 1619 1467 1676 e
1496 1595 1656 1705 regione
1685 1597 1797 1673 turris

471 1699 713 1813 conspicitur.
744 1704 932 1785 AEdicula
957 1732 1079 1817 prope
1105 1708 1242 1784 turrim
1267 1702 1335 1782 sita
1352 1708 1506 1814 porticu
1530 1702 1728 1785 instruitur
1746 1731 1795 1785 :a

468 1817 640 1896 Neronis
657 1819 797 1926 quippe
815 1840 992 1927 tempore
1007 1845 1091 1893 mos
1107 1812 1180 1894 suit
1199 1813 1338 1896 domos
1358 1844 1496 1898 ornare
1507 1813 1795 1929 porticibus,ut

466 1928 506 2007 ln
532 1928 695 2010 Nerone
717 1932 916 2010 Suetonius
935 1926 1169 2009 testificatur.
1212 1940 1380 2009 Farinam
1408 1928 1631 2030 aedificiorum
1656 1927 1796 2023 Urba,

466 2040 619 2147 iuquit,
642 2067 770 2116 novam
790 2053 1041 2149 excogitavit,
1074 2037 1120 2131 &a
1141 2061 1182 2117 ut
1201 2062 1284 2114 ante
1302 2038 1433 2143 infhlas
1450 2039 1496 2133 (p
1513 2041 1627 2119 domos
1645 2048 1796 2143 porticus

464 2147 575 2253 afferat.
616 2152 721 2229 Huic
741 2154 918 2260 proxima
937 2148 1121 2229 humilior
1141 2149 1279 2231 domus
1312 2142 1450 2231 solario
1471 2150 1676 2251 instruile,
1703 2145 1797 2226 villi-

467 2288 593 2371 coque
618 2260 824 2372 deputatas
840 2290 929 2342 nam
945 2260 1092 2342 villicus
1107 2259 1312 2370 villicaque
1333 2258 1450 2373 ipsam
1472 2263 1660 2347 adeuntes
1683 2258 1792 2345 exhi.

467 2369 628 2473 lentur,
657 2366 740 2453 casa
769 2397 899 2455 autem
931 2368 1150 2480 hujusmodi
1176 2375 1231 2451 ita
1255 2370 1386 2453 villico
1413 2373 1602 2485 deputata
1626 2377 1733 2470 erat,
1752 2394 1797 2450 ut

465 2487 582 2563 etiam
595 2478 731 2565 solario
743 2509 882 2567 oruata
893 2552 903 2587 ,
914 2484 1007 2564 vasis
1021 2551 1032 2585 ,
1044 2477 1270 2593 duobusque
1282 2480 1456 2564 leonibus
1471 2486 1519 2565 ad
1533 2483 1631 2566 villae
1642 2475 1795 2594 prospe-

463 2598 567 2678 cium
586 2593 872 2706 &elegantiam
893 2600 1203 2676 concinnaretur.
1240 2594 1361 2704 Aquis
1382 2594 1473 2676 villa
1492 2617 1725 2692 exornatur,
1744 2591 1795 2672 ad

465 2733 653 2817 oramque
686 2706 818 2787 sedens
846 2703 1063 2819 quispiam,
1102 2711 1159 2785 vir
1182 2703 1372 2789 mulierne
1402 2707 1448 2787 fit
1477 2737 1557 2788 non
1585 2712 1638 2787 ita
1659 2696 1797 2816 perspi-

465 2845 579 2899 cuum
599 2886 609 2918 ,
630 2817 771 2897 lineam
806 2818 1006 2931 captandis
1033 2814 1193 2932 piscibus
1216 2817 1370 2927 injicit,
1400 2842 1444 2907 ut
1470 2818 1591 2911 habet
1619 2884 1631 2923 ,
1663 2812 1795 2901 villam

464 2928 628 3011 Faustini
647 2925 883 3038 describens,
906 2929 1116 3041 Martialis,

666 3149 703 3220 T
704 3137 882 3225 tantulane
895 3162 1035 3244 captum
1050 3137 1142 3218 sines
1157 3137 1272 3225 trahit
1275 3137 1416 3250 piscem.

519 3346 691 3453 Majotes
722 3344 821 3426 ades
848 3348 1002 3457 porticu
1019 3349 1164 3466 pariter
1181 3342 1244 3425 sua
1263 3344 1459 3426 instrusias
1482 3341 1564 3423 adit
1590 3367 1794 3445 matrona,

463 3454 565 3536 veste
583 3455 694 3536 talari
712 3456 869 3558 induta,
888 3459 992 3567 cujus
1009 3455 1162 3538 sortasse
1184 3454 1275 3537 villa
1288 3454 1371 3537 suit.
1415 3459 1523 3537 Pone
1540 3453 1640 3535 aedes
1658 3449 1794 3536 obelis-

464 3595 528 3646 cus
547 3572 730 3677 erigitur,
755 3572 814 3648 cui
832 3564 996 3683 appensa
1014 3565 1098 3679 lyra
1118 3567 1324 3653 tutelarem
1340 3566 1478 3647 domils
1497 3562 1721 3680 Apollinem
1738 3569 1795 3645 in-

464 3677 592 3780 dicat,
608 3674 849 3793 idipsumque
866 3679 1043 3792 tripode,
1061 3685 1127 3794 qui
1146 3681 1196 3759 ad
1219 3678 1404 3794 angulum
1423 3682 1512 3759 tetii
1539 3671 1706 3758 sublimis
1728 3706 1795 3755 co.

463 3786 681 3898 lumnaque
702 3796 850 3871 innixus
873 3796 1051 3902 erigitur,
1079 3791 1278 3901 significari
1298 3791 1473 3893 videtur,
1491 3793 1595 3899 Lyra
1612 3793 1715 3871 enim
1736 3812 1794 3866 at-

465 3929 540 4009 que
563 3906 681 4011 tripos
701 3931 885 4018 germana
904 3899 1009 4001 sunt,
1033 3926 1076 3982 ut
1096 3932 1212 3987 nemo
1234 3899 1375 4002 nescit,
1395 3903 1429 3981 A
1459 3900 1585 3980 ollinis
1609 3895 1792 4012 symbola.

466 4016 511 4093 ln
531 4018 691 4121 antiqua
713 4014 852 4097 adium
873 4011 970 4095 facie
988 4011 1112 4095 statua
1128 4014 1304 4115 videtur,
1322 3931 1505 4093 talarilms
1530 4010 1668 4091 ornati
1688 4008 1793 4091 vesti-

465 4121 534 4203 bus
556 4170 565 4225 3
596 4123 795 4232 alteraque
824 4124 928 4203 nuda
954 4150 1114 4237 propter
1141 4125 1280 4207 domtis
1307 4122 1492 4233 angulum
1523 4120 1600 4210 basi
1626 4119 1794 4203 insistens

466 4233 707 4345 conspicitur.
730 4234 867 4317 Postea
883 4262 975 4317 vero
987 4235 1070 4345 ipsis
1098 4240 1136 4314 iu
1162 4242 1269 4347 aquis
1295 4239 1502 4319 Terminus
1515 4233 1693 4317 dextram
1719 4231 1793 4316 ele-

466 4370 579 4445 vans,
602 4372 712 4457 tergo
734 4346 869 4425 domui
888 4342 1069 4445 adverso,
1088 4345 1389 4456 representatur.

524 4460 563 4533 P.
579 4486 653 4556 134.
671 4463 703 4538 S.
717 4458 932 4541 Clementis
950 4452 1140 4557 dissonos,
1166 4459 1238 4543 sive
1258 4456 1421 4539 chorum
1432 4456 1509 4561 jam
1522 4454 1645 4537 edidit
1665 4459 1793 4538 Ciam-

468 4569 690 4675 pinius:nos
726 4594 857 4650 tamen
878 4574 1092 4652 accuratius
1117 4568 1355 4663 delineatum
1375 4566 1451 4657 sine
1473 4565 1622 4657 lesiotis
1641 4565 1792 4659 fastidio

468 4674 633 4791 proferri
649 4677 778 4762 denuo
788 4675 891 4797 posse
910 4675 1151 4796 speravimus.

1643 4792 1685 4874 Ρ.
1708 4796 1789 4876 108.
