4422 5692
959 419 1085 533 Caput
1109 407 1300 498 decimum
1324 434 1521 533 quartam.
1814 448 1884 521 197

584 527 664 606 alr
678 556 840 637 quatuor
860 534 1036 631 inerant,
1057 533 1221 613 liumeris
1239 533 1444 632 herentes,
1463 559 1623 640 quarum
1647 530 1741 609 brnae
1762 534 1882 612 verius
1907 554 1929 589 ί(

581 636 723 714 cttlum
743 703 753 734 ,
772 638 865 715 bina·
885 635 1005 716 versus
1025 666 1164 719 terrain
1183 637 1405 748 spectabant.
1432 646 1528 720 Non
1548 640 1689 716 a‘llimo
1711 637 1878 718 remotis.
1904 661 1926 697 “

578 742 675 821 suna
693 750 924 853 antiquitatis
944 746 1012 827 elle
1032 816 1043 848 ,
1068 754 1155 857 quia
1174 753 1337 858 imperiti
1362 748 1512 828 artificis
1532 794 1541 849 3
1562 772 1627 825 aut
1655 746 1807 825 fortallrs
1825 754 1877 827 ita
1902 770 1925 804 “

575 877 681 928 vetus
700 879 811 951 erat,
841 880 882 931 ut
899 881 986 935 ante
1006 856 1223 936 instauratas
1239 852 1363 967 priscis
1390 858 1460 934 illis
1480 854 1714 965 temporibus
1738 858 1874 934 Roma
1901 877 1923 909 ‘¹

573 983 673 1036 artes
692 1025 702 1059 ‚
723 961 938 1041 confectum
958 963 1081 1044 fuerit.
1109 964 1248 1044 Aiebat
1274 964 1366 1042 mibi
1387 968 1599 1065 Horatius,
1625 962 1870 1071 Tlieologum
1898 984 1919 1018 ‘¹

565 1062 745 1173 Jesuitam
766 1067 891 1150 dixiffe
909 1072 972 1151 irbi
984 1140 993 1169 ‚
1005 1078 1046 1149 iis
1058 1073 1250 1181 figriilicari
1263 1073 1498 1170 daemonem,
1516 1076 1580 1179 qui
1600 1096 1774 1180 tempore
1789 1103 1867 1177 fgor.
1896 1091 1918 1126 o

573 1174 722 1254 libratis
739 1180 776 1254 in
795 1180 939 1255 mundo
959 1181 1226 1259 dominabatur
1246 1219 1253 1258 :
1273 1180 1524 1289 quamobrem
1544 1178 1698 1287 pedibus
1710 1177 1866 1287 globum
1894 1198 1917 1235 “

573 1281 729 1362 terebat.
763 1291 984 1394 Serpentem
1005 1288 1123 1386 verb,
1142 1294 1206 1396 qui
1223 1287 1504 1367 circumvolutis
1519 1283 1541 1363 l'
1559 1290 1618 1362 iris
1630 1286 1864 1365 simulacrum
1890 1307 1913 1341 “

570 1392 911 1500 complectebatur,
929 1400 1015 1473 &in
1032 1424 1072 1472 os
1089 1421 1202 1504 caput
1213 1395 1442 1475 immittebat
1453 1462 1463 1493 ,
1474 1315 1641 1473 indicare
1652 1393 1730 1471 futu
1738 1424 1865 1473 rorum
1891 1416 1913 1449 “

569 1506 943 1603 pronuntiationem,
963 1504 1145 1613 ambiguis
1164 1504 1334 1582 oraculis.
1362 1503 1497 1582 Claves
1517 1507 1554 1579 in
1575 1502 1743 1579 manibus
1762 1567 1771 1595 ,
1797 1531 1862 1579 an.
1889 1523 1912 1558 “

568 1631 703 1687 notare
723 1611 934 1688 dominium
950 1617 989 1689 in
1007 1607 1214 1690 universam
1234 1637 1384 1690 terram.
1418 1614 1544 1719 Caput
1559 1609 1677 1687 leonis
1696 1676 1706 1707 ‚
1724 1616 1860 1717 princi.
1888 1630 1912 1666 ί(

567 1739 654 1818 pem
673 1725 710 1795 ὃς
729 1719 1012 1799 moderatorem
1031 1724 1201 1797 omnium
1220 1718 1449 1797 animalium.
1468 1718 1557 1796 Alas
1582 1716 1606 1793 si
1635 1716 1786 1794 nificare
1807 1723 1860 1825 ip.
1887 1738 1910 1774 ‘<

567 1817 642 1897 lum
671 1822 808 1932 ubique
828 1821 908 1904 elle.
937 1830 1033 1905 Hac
1052 1822 1483 1935 interpretatioJeluitae.
1513 1745 1721 1903 Niliiinon
1742 1830 1801 1934 egi
1821 1851 1862 1902 ut
1885 1846 1908 1881 “

564 1928 711 2008 idolum
729 1959 923 2012 cernerem
942 1971 950 2012 r
971 1960 1010 2011 at
1027 1960 1179 2012 mortuo
1200 1938 1387 2031 Horatio,
1406 1937 1481 2037 ejus
1498 1932 1664 2009 liaredes
1683 1937 1860 2038 ignorant
1884 1953 1907 1990 ‘⁸

565 2033 741 2139 quorsum
759 2039 902 2119 abierit.
930 2046 1071 2149 Neque
1088 2042 1153 2119 abs
1171 2069 1210 2120 re
1233 2040 1462 2138 astimatur,
1487 2040 1642 2116 hortatu
1666 2040 1858 2151 Tlieologi
1882 2062 1906 2097 «

564 2146 771 2223 Horatium
789 2148 935 2226 idolum
952 2145 1162 2255 liujulinodi
1180 2144 1391 2227 arnandalle
1414 2154 1452 2224 in
1471 2147 1673 2226 calcarium
1693 2147 1858 2248 fumum,
1882 2169 1905 2205 ‘⁴

561 2275 605 2325 ut
626 2251 828 2332 humiditas
846 2280 905 2333 tot
925 2262 1029 2333 annis
1055 2263 1094 2333 in
1118 2253 1358 2335 subterranea
1384 2250 1464 2333 cala
1484 2259 1678 2333 contracta
1696 2256 1856 2332 exficta-
1881 2277 1904 2311 “

559 2382 665 2437 retur
686 2407 695 2463 3
724 2388 789 2441 aut
805 2358 928 2441 forsan
946 2369 984 2441 in
1002 2362 1190 2445 biternum
1213 2430 1223 2465 ,
1249 2363 1456 2443 mandante
1471 2360 1611 2474 Jesuita
1635 2428 1645 2462 ,
1675 2368 1854 2472 remigra-
1880 2385 1901 2420 ‘⁴

560 2492 667 2546 uerit.
1057 2490 1060 2495 '
1877 2492 1901 2527 <⁴

614 2578 671 2654 Sic
691 2575 788 2655 ludit
807 2580 1017 2657 Flaminius.
1038 2576 1132 2657 Cala
1142 2608 1256 2689 porro
1268 2578 1364 2658 ista‘c
1374 2575 1853 2674 subterranea,niliilaliud

557 2708 672 2788 quam
689 2684 782 2762 idoli
802 2687 987 2805 templum
1006 2711 1111 2783 erat,
1131 2714 1172 2765 ut
1191 2716 1237 2767 ex
1257 2687 1496 2788 lucernarum
1514 2709 1697 2791 apparatu
1709 2681 1851 2793 conspi-

555 2817 679 2869 cuum.
699 2790 1038 2897 Hujuscelormam
1052 2791 1654 2902 ,primispenicillilineamentisfi
1683 2817 1852 2893 matam,

553 2897 631 2973 vidi
649 2903 784 2978 Roma:
804 2905 902 2980 inter
923 2898 1075 2979 schedas
1093 2904 1197 2982 Petri
1214 2897 1305 2977 santi
1317 2900 1472 2997 Bartoli,
1484 2898 1615 2976 famosi
1632 2821 1852 3007 cbalcogra-

551 3004 618 3112 phi
636 3041 644 3082 :
663 3006 794 3084 addita
808 3007 855 3084 ab
873 3004 994 3086 nescio
1007 3036 1082 3114 quo
1093 3005 1629 3117 interpretatione5quldeum
1641 3002 1711 3085 effe
1722 3034 1849 3113 quem.

552 3112 641 3189 dam
663 3112 884 3192 Sabinarum
908 3114 1110 3194 ferebatur.
1149 3119 1365 3223 Antequam
1397 3142 1522 3194 meam
1542 3112 1615 3190 hac
1633 3113 1681 3191 de
1707 3140 1747 3192 re
1767 3119 1845 3221 opi-

552 3225 707 3299 monem
727 3250 974 3328 expromam,
994 3224 1200 3304 audiendus
1221 3224 1268 3302 de
1288 3221 1485 3301 simulacro
1506 3219 1580 3297 alio
1599 3248 1781 3329 perquam
1804 3222 1842 3298 ii.

549 3326 957 3436 nrilinobilislculptor.

602 3437 809 3515 Frnnr
835 3462 983 3514 nius
1033 3442 1069 3514 V
1091 3465 1119 3513 A
1142 3466 1164 3516 c
1189 3466 1262 3516 cri.
1293 3432 1710 3540 bleriroriririiel‚post
1732 3431 1841 3512 effos—
1865 3454 1888 3490 ‘s

546 3536 624 3618 sum
641 3542 787 3620 idolum
809 3540 1019 3646 liujubnodi
1042 3609 1051 3639 ‚
1071 3545 1206 3622 eodem
1227 3544 1314 3619 loco
1333 3542 1434 3618 aliud
1461 3535 1733 3648 deprehensum
1755 3541 1807 3619 est
1829 3588 1839 3644 3
1864 3561 1887 3597 ‘<

545 3643 665 3726 sedin
685 3650 900 3758 anaglypho
917 3644 1101 3756 sculptum
1121 3718 1130 3749 ,
1149 3651 1301 3729 leonino
1323 3677 1366 3725 ca
1393 3654 1464 3746 ite,
1483 3675 1642 3753 corpore
1656 3646 1838 3748 lmmmm,
1862 3668 1886 3705 ‘s

542 3782 566 3833 a
584 3782 682 3833 zona
700 3757 748 3833 ad
768 3756 1066 3864 pedesindutum
1080 3754 1301 3834 subtililbmo
1313 3678 1410 3853 veli),
1422 3751 1660 3862 expanlisque
1677 3754 1839 3837 brachiis
1861 3775 1884 3812 “

542 3886 702 3969 utraque
720 3892 833 3941 manu
849 3861 1012 3940 faculam
1032 3864 1210 3970 gestabat.
1235 3864 1314 3941 Alae
1330 3868 1419 3942 item
1440 3862 1521 3941 duat
1537 3859 1657 3942 versus
1675 3864 1835 3964 coelum,
1859 3882 1883 3919 “

541 3971 625 4046 duae
646 3968 765 4049 versus
782 3998 921 4049 terram
942 3971 1268 4077 protendebantur
1291 4035 1301 4066 ,
1336 3975 1434 4047 inter
1463 3998 1553 4076 quas
1569 3967 1715 4077 serpens
1738 3975 1833 4050 orie·
1857 3989 1880 4025 “

542 4076 662 4155 batur.
682 4081 716 4170 A
739 4078 857 4155 latere
878 4078 1014 4155 dextro
1034 4104 1123 4176 ara,
1149 4072 1320 4155 succenso
1340 4079 1444 4183 igne:
1464 4104 1511 4154 cx
1531 4104 1596 4155 ore
1614 4077 1706 4153 idoli
1723 4074 1831 4155 fascia
1854 4096 1877 4132 “

538 4180 921 4293 eniilla‚lupraigneni
932 4212 1003 4261 ara
1015 4184 1206 4261 volitabat.
1221 4186 1344 4287 Hujus
1358 4184 1665 4292 fignificationem
1679 4212 1754 4259 non
1767 4213 1830 4259 no-
1853 4204 1876 4238 ί(

537 4296 682 4389 vimus,
701 4299 787 4399 quia
812 4291 1034 4397 Tlieologus
1055 4321 1130 4367 non
1151 4291 1350 4397 explicavit
1370 4329 1377 4369 :
1395 4288 1455 4370 led
1480 4287 1829 4397 cuivisidinspicere
1853 4310 1876 4344 “

535 4398 625 4478 licet
644 4402 681 4476 in
701 4401 840 4479 adibus
858 4400 1049 4479 haredum
1094 4404 1219 4478 loratii
1237 4406 1348 4480 bluti.
1385 4416 1505 4479 eoram
1526 4398 1705 4509 stam
1720 4401 1827 4501 prrfe-
1851 4420 1873 4451 ‘⁴

534 4538 647 4589 aratris,
1850 4524 1873 4559 “

1537 4721 1599 4797 os
1625 4722 1660 4817 ij
