4060 5700
848 428 979 558 Caput
986 416 1204 557 fienndnni.
1633 475 1674 526 ῃ

283 574 287 581 ’
368 565 509 649 Nescio
530 563 631 642 unde
648 586 785 641 antium
808 562 855 638 ita
877 583 1045 637 accurare
1065 556 1270 659 expiscatus
1288 557 1339 637 est
1363 560 1426 662 qui
1448 560 1544 640 istaec
1563 560 1673 669 scrip·

366 678 524 758 sternam
546 674 655 748 initio
678 669 763 748 sexti
782 668 914 759 saculi,
932 690 1007 770 quo
1031 661 1123 744 fasta
1142 665 1244 742 Crux
1271 662 1342 742 fuit
1363 670 1496 746 sirecle
1517 698 1674 777 compu-

368 808 486 861 tatum
507 776 632 876 fuerit,
653 807 728 856 non
749 776 914 855 solebant
937 800 1051 851 annos
1066 770 1215 868 Christi,
1232 773 1306 850 sive
1326 776 1588 856 lucamarionis
1607 808 1674 857 an·

366 915 505 966 notare.

424 999 468 1071 ln
489 994 618 1072 eadem
633 992 707 1099 ipsa
720 990 838 1067 arcula
851 987 1043 1062 inventum
1062 985 1112 1061 est
1134 1014 1200 1063 ceu
1218 989 1371 1088 malum,
1384 1017 1446 1069 aut
1463 1020 1590 1099 pyrum
1611 1018 1674 1071 aut

369 1106 552 1192 cucumis,
565 1127 646 1179 nam
660 1099 764 1199 cujus
778 1096 917 1203 generis
930 1089 1066 1169 studius
1084 1092 1124 1167 fit
1139 1093 1331 1172 internosci
1347 1103 1488 1202 nequit,
1501 1105 1550 1176 ita
1562 1101 1673 1176 exsic-

369 1235 491 1287 catum
512 1209 708 1290 &aridum
728 1206 774 1279 est
788 1241 797 1286 ς
811 1201 1112 1307 magnitudine&
1131 1197 1251 1275 forma
1270 1206 1327 1277 ovi
1348 1210 1553 1310 gallinacei,
1571 1206 1673 1311 quod

370 1313 513 1420 quousu
526 1329 560 1395 δι
572 1344 642 1418 qua
655 1313 828 1418 religione
846 1310 923 1384 istic
934 1307 1088 1410 positum
1105 1303 1215 1381 fuerit
1228 1334 1302 1383 non
1317 1310 1673 1392 facileestdivinare.

421 1422 596 1529 Quadam
617 1420 675 1497 die
691 1413 984 1525 pomeridianum
1006 1418 1125 1489 otium
1147 1412 1340 1517 spedando
1355 1420 1579 1526 Septalarnm
1591 1448 1675 1498 mu.

369 1531 439 1609 saeo
456 1528 735 1623 eonsumfimus,
751 1524 814 1598 ubi
834 1520 875 1597 id
895 1521 1071 1626 singulare
1087 1522 1551 1633 animadvertimus,quod
1570 1536 1607 1606 in
1621 1532 1675 1605 la-

370 1635 455 1742 pide
475 1638 665 1712 azulitano
686 1636 766 1709 Rex
786 1626 935 1736 quidam
952 1629 1080 1704 Galliae
1100 1631 1301 1720 (Carolum
1319 1659 1490 1740 magnum
1515 1636 1670 1736 dicunt)

370 1744 573 1848 insculptus
593 1742 633 1818 sit
652 1766 780 1818 tenens
794 1738 906 1813 alteri
924 1735 1115 1838 sceptrum,
1129 1739 1239 1813 alteri
1256 1737 1399 1836 ensem,
1415 1746 1498 1819 liliis
1517 1747 1671 1821 circum·

369 1851 503 1955 positis.
541 1851 582 1924 In
610 1874 758 1953 gemma
779 1848 869 1919 item
890 1840 1101 1918 Alexander
1132 1869 1216 1918 cum
1238 1848 1412 1925 cornibus
1430 1855 1530 1940 Jovis
1551 1853 1671 1926 Ham·

370 1956 558 2032 moniszse
577 1959 733 2060 quippe,
756 1977 797 2025 ut
818 1952 869 2025 ait
885 1951 1061 2042 Curtius,
1083 1953 1173 2035 Jove
1196 1953 1411 2032 Hammone
1429 1960 1674 2065 progenitum

370 2065 606 2168 gloriabatur.
630 2063 770 2139 Charta
792 2057 855 2132 illa
874 2080 1030 2159 papyrea
1051 2080 1132 2156 qua
1153 2055 1292 2133 ibidem
1308 2062 1443 2159 visitur,
1460 2069 1674 2171 catalogum

369 2171 607 2272 reliquiarum
622 2194 702 2271 qux
714 2188 878 2267 tempore
893 2163 929 2237 S.
942 2163 1109 2267 Gregorii
1126 2166 1231 2268 Papae
1245 2165 1372 2246 Roma:
1384 2196 1486 2247 eraut
1507 2175 1671 2275 comple·

370 2278 489 2359 diens,
512 2300 624 2378 nuper
641 2274 661 2351 ‘a
680 2270 816 2349 dodlill.
835 2270 914 2345 viro
927 2268 1133 2345 Muratorio
1153 2271 1290 2374 publici
1312 2277 1398 2374 juris
1421 2278 1515 2356 faeta
1531 2278 1591 2355 cll.

413 2384 453 2457 In
480 2380 636 2459 Ecclefia
661 2376 892 2457 S.Ambrolii
911 2374 957 2451 ad
975 2372 1105 2481 gradus
1127 2377 1254 2455 Sacelli
1276 2376 1519 2481 subterranei,
1541 2388 1675 2489 inquo

370 2489 565 2589 requiescit
586 2515 715 2591 corpus
736 2481 908 2561 Bernardi
930 2483 1043 2561 ltalia
1068 2486 1202 2589 Regis,
1220 2490 1353 2592 legitur
1376 2490 1557 2595 sculptum
1581 2502 1677 2570 :Hic

371 2610 474 2670 Bina
487 2605 602 2700 regina
622 2594 699 2693 offis
718 2590 861 2668 lbidem
883 2590 1079 2667 duodecim
1095 2590 1233 2670 doliola
1252 2595 1378 2703 liglina
1397 2604 1546 2703 antiqua
1567 2601 1649 2676 sunt
1661 2662 1675 2697 ,

371 2705 492 2807 qualia
514 2711 642 2780 Roma
661 2699 808 2806 pallam,
827 2723 869 2773 ut
888 2698 1104 2779 narrabitur.

416 2812 570 2888 Ecclesia
595 2812 711 2885 illbcec
731 2810 854 2882 vicino
873 2806 950 2882 solo
973 2801 1130 2881 niulttim
1152 2804 1406 2905 deinissiorest,
1425 2816 1513 2917 quia
1535 2815 1674 2892 scilicet

371 2942 413 2993 ut
429 2919 541 3013 aiunt,
557 2914 704 3021 quando
718 2911 971 2988 Mediolanum
988 2938 1073 2987 turn
1087 2910 1264 2992 suburbiis
1276 2914 1351 2993 solo
1364 2925 1520 3024 aquavir
1533 2920 1675 2997 Fedcri·

373 3050 437 3099 cus
453 3025 481 3099 l.
502 3021 837 3125 Imperator,altius
858 3045 902 3093 eir
915 3021 1024 3094 ruinis
1044 3015 1160 3096 solum
1179 3024 1340 3115 emersit,
1363 3038 1399 3105 δι
1417 3056 1502 3103 cum
1520 3028 1676 3106 Ecclesia

372 3132 466 3213 istac
481 3134 613 3208 intasla
628 3124 1034 3219 remanserit,demillior
1047 3126 1179 3204 exinde
1192 3126 1283 3207 sieta
1294 3132 1357 3207 est.
1370 3136 1675 3211 Cimeliarehiurn

371 3239 498 3314 videre
510 3238 609 3317 cordi
624 3261 710 3310 erat:
722 3257 757 3306 at
769 3259 854 3308 cum
869 3233 1006 3310 nonnisi
1019 3235 1259 3312 annuentibus
1270 3240 1469 3318 Canoiiicis
1482 3247 1678 3348 aperiatur,

371 3372 498 3423 votum
517 3344 689 3446 consequi
714 3367 787 3415 non
806 3342 922 3415 licuit.
943 3341 1178 3443 Aiebantque
1198 3346 1375 3420 Monachi
1396 3376 1509 3424 unum
1528 3349 1676 3426 dumta-

371 3478 431 3535 xat
449 3453 500 3527 ibi
526 3453 685 3555 inspetlu
703 3445 872 3552 dignum,
886 3446 1059 3524 videlicet
1076 3453 1226 3552 pallium
1249 3478 1397 3528 aureum
1421 3455 1544 3561 figuris
1571 3486 1676 3533 exor-

371 3583 528 3655 natum,
547 3561 592 3635 ab
614 3555 903 3656 Ascliiepiscopo
926 3555 1098 3630 Anselmo
1122 3559 1277 3633 Pusterla
1298 3557 1399 3635 dono
1415 3567 1594 3640 oblatum.

425 3671 533 3742 Extra
549 3690 691 3769 porram
716 3662 929 3737 Monasterii
950 3662 1171 3767 peristylium
1189 3664 1257 3759 est,
1272 3663 1375 3767 quod
1397 3674 1520 3748 multis
1536 3675 1616 3749 aliis
1636 3673 1676 3747 in
1753 3697 1756 3701 ’

374 3773 539 3873 Templis
563 3772 721 3874 antiquis
743 3768 976 3864 observatur,
995 3771 1191 3872 visiturque
1211 3772 1351 3847 ibidem
1376 3777 1582 3883 sepulcrum
1602 3783 1676 3887 pri.

372 3903 435 3959 nio
454 3879 645 3982 conspesiu
667 3876 940 3952 vetustissimum
962 3904 1046 3952 curri
1068 3877 1137 3952 liac
1157 3874 1403 3981 inscriptione.

659 4058 764 4143 Jicet
778 4058 824 4118 D.
844 4057 1004 4148 Paganica
1024 4058 1121 4119 Petra
1142 4057 1245 4119 Santi

667 4153 764 4223 miles
788 4152 829 4231 ὠ
856 4157 1059 4254 capitaneus
1083 4153 1349 4227 florentinorum

669 4261 728 4360 qni
747 4256 833 4331 obiit
848 4284 933 4332 anno
949 4260 1090 4332 Domini
1103 4270 1178 4333 800.
1197 4259 1245 4334 ad
1263 4272 1359 4377 cujus

659 4360 773 4468 finnus
790 4362 1020 4463 interfuerunt
1039 4384 1189 4469 quatuor

720 4470 930 4547 ciralnates.
