4264 5684
389 485 442 554 62
853 462 1033 557 Diarium
1052 454 1233 550 Italicum.

345 646 370 681 .,
392 594 481 668 alios
504 591 663 699 irrepsit,
680 617 773 699 quos
791 588 966 698 repellere
987 594 1128 671 nonest
1148 621 1266 698 opera
1284 592 1453 699 pretinm.
1467 599 1608 676 Verum
1632 622 1688 678 ra.

347 759 369 787 ‚,
392 726 478 775 men
497 702 567 794 est,
610 703 685 781 uod
704 707 755 779 ait
773 698 987 794 Candidus,
1010 699 1155 779 millum
1178 704 1218 778 in
1244 703 1514 802 forumjulium
1539 733 1604 811 pro
1623 735 1685 784 ac.

347 862 370 893 ,.
393 807 568 913 cipiendo
582 730 680 887 sacro
691 812 867 916 pignore,
888 809 1088 886 Plebannm
1113 812 1329 902 (antistitem
1350 803 1460 889 vocat
1479 815 1559 912 ille)
1575 813 1686 898 sandll

349 970 370 998 η
395 917 569 994 Barnabae
582 919 820 995 Venetiatum
834 947 844 993 ε
858 914 898 993 id
917 919 1017 993 enim
1037 912 1381 1021 ass'erirAnonymus
1399 946 1550 1025 quoque
1563 927 1686 1002 auctor

350 1077 372 1109 .
392 1022 558 1100 chronici
584 1026 718 1101 Veneti
742 1022 807 1100 ms.
830 1025 1021 1102 vernaculo
1040 1024 1217 1103 idiomate
1237 1025 1339 1128 quod
1360 1025 1460 1131 apud
1477 1056 1537 1104 mc
1554 1030 1627 1125 est,
1646 1044 1686 1110 δι

348 1186 370 1218 .
391 1130 517 1229 addit,
536 1130 758 1239 Episcopum
777 1130 878 1208 urbis
901 1133 1093 1207 cumelero
1107 1134 1398 1238 &optimatibus
1416 1135 1566 1212 obviam
1583 1134 1686 1215 ivisse

348 1294 371 1325 „
393 1240 596 1315 Muranum
617 1236 760 1344 usque,
787 1240 1008 1320 &codicem
1032 1234 1172 1316 sacrum
1202 1241 1317 1318 latum
1344 1243 1380 1318 in
1398 1242 1584 1320 Basilicam
1608 1244 1684 1322 divi

347 1406 370 1438 ,
392 1347 515 1424 Marci
534 1349 691 1424 maxima
714 1350 839 1426 laetitia
864 1347 910 1424 ad
938 1349 1068 1423 sonum
1090 1346 1244 1425 universi
1270 1350 1347 1427 atris
1367 1353 1556 1452 campani:
1578 1347 1685 1455 quod

346 1514 369 1543 „
391 1454 502 1530 etiam
523 1455 646 1562 Praga:
669 1452 880 1532 faciendum
902 1451 1048 1556 jusserat
1067 1456 1220 1532 Carolus
1241 1457 1316 1532 lV.
1344 1456 1385 1532 in
1405 1454 1563 1533 adventu
1591 1487 1683 1562 qua.

344 1620 367 1649 „
391 1562 615 1646 ternionum‚
627 1588 667 1639 ut
680 1587 782 1668 patet
798 1588 841 1637 ex
856 1564 931 1659 ejus
946 1587 1149 1637 memorata
1168 1564 1318 1667 epistola
1329 1560 1424 1668 apud
1436 1564 1682 1646 Bollandistas.

442 1666 562 1774 Qrod
580 1697 688 1773 porro
710 1666 848 1748 dicitur
865 1667 1047 1773 superius,
1064 1666 1234 1746 codicem
1255 1668 1327 1748 elle
1349 1672 1682 1775 membranaceum,

384 1801 620 1877 nequaquam
643 1777 761 1881 potest
780 1779 974 1883 negotium
994 1768 1125 1853 facere.
1157 1779 1192 1852 Is
1210 1804 1342 1881 nempe
1365 1781 1428 1880 qui
1450 1779 1684 1857 membrana-

385 1908 493 1959 ceum
515 1883 625 1983 dicit,
641 1911 718 1959 rem
741 1911 813 1962 non
831 1908 996 1960 accurate
1016 1882 1100 1960 satis
1124 1882 1350 1989 perpendisse
1370 1881 1527 1983 videtur,
1541 1912 1608 1963 nec
1630 1886 1683 1965 sat

383 1984 544 2094 persesla
564 1992 749 2068 instructus
771 1994 976 2069 chartarum
1006 1992 1139 2068 notitia
1159 2027 1168 2076 ;
1192 2018 1236 2066 cx
1256 1993 1409 2097 phyllira
1435 1995 1471 2069 ni
1489 1990 1592 2071 fallor
1617 1995 1680 2092 est,

384 2107 422 2175 dc
442 2094 532 2174 folia
551 2123 662 2174 tanta
680 2100 892 2191 tenuitatis,
909 2123 950 2174 ut
974 2101 1033 2174 vel
1051 2096 1129 2173 solo
1151 2100 1318 2175 contastu
1344 2096 1553 2177 scindantur
1582 2114 1618 2181 &
1641 2105 1682 2183 in

382 2204 542 2282 minutas
558 2229 678 2310 partes
698 2205 843 2283 abeant.
868 2203 955 2279 Nec
978 2203 1049 2280 fine
1067 2202 1173 2281 causa
1193 2203 1407 2282 indubium
1425 2233 1556 2282 vocare
1576 2205 1681 2285 vide-

382 2330 440 2389 tur
464 2311 569 2415 supra
591 2310 835 2390 ferdinandus
856 2309 1047 2387 Archidux
1064 2338 1110 2385 an
1128 2309 1427 2388 membranaceus
1448 2317 1488 2387 fit
1509 2311 1637 2391 codex.

438 2419 529 2494 Sunt
547 2421 586 2495 in
603 2417 793 2497 Thesauro
814 2420 921 2497 sandi
941 2419 1060 2494 Marci
1074 2420 1252 2521 Reliquiae
1271 2417 1364 2494 bene
1383 2421 1525 2497 multa:
1545 2422 1679 2498 habere

382 2519 419 2599 se
433 2550 561 2628 putant
579 2527 790 2605 columnam
810 2527 868 2604 cui
889 2528 1055 2633 alligatus
1075 2525 1238 2602 Christus
1267 2526 1380 2631 virgis
1400 2529 1612 2630 vapulavit,
1640 2554 1680 2610 at

381 2658 507 2710 veram
523 2660 811 2742 germanamque
829 2634 865 2711 se
881 2632 1079 2711 monstrare
1096 2629 1223 2710 dicunt
1240 2632 1277 2708 in
1291 2632 1449 2711 Eccleha
1462 2635 1497 2709 S.
1510 2634 1680 2717 Praxcdis

382 2738 517 2820 Roma
536 2740 825 2820 vallumbrosani
843 2739 965 2818 noslti.

436 2846 674 2926 Duodecima
689 2847 838 2957 Augusti
861 2911 871 2943 ,
899 2843 993 2925 duce
1015 2847 1110 2928 Viro
1128 2845 1330 2925 douiffimo
1347 2850 1495 2958 Angelo
1515 2847 1680 2934 fardeila

380 2953 522 3033 Patavii
546 2948 763 3050 Professore,
780 2957 842 3061 qui
859 2954 985 3032 omnia
1004 2953 1145 3062 semper
1163 2955 1244 3060 post
1261 2957 1427 3060 putavit,
1447 2983 1490 3034 ut
1508 2984 1679 3036 commo.

379 3058 430 3136 da
449 3088 676 3167 praeverteret
693 3063 830 3154 nostra,
855 3058 948 3139 aedes
960 3062 1179 3141 Contarinas
1197 3065 1369 3166 petimus,
1387 3064 1453 3139 ubi
1473 3063 1541 3141 sub
1559 3068 1677 3144 tutela

378 3171 506 3247 matris
519 3166 1157 3274 etatclarill.ephebusContarinus,
1170 3171 1588 3352 expraeclata&nemini
1601 3200 1677 3252 non

380 3299 471 3356 nota
489 3271 632 3354 familia
645 3279 955 3370 Contarinorum‚
976 3271 1096 3355 forma
1116 3289 1153 3356 δι
1171 3279 1209 3351 in
1238 3278 1297 3352 ole
1314 3272 1532 3378 spcblabilis.
1564 3279 1621 3356 Est
1638 3281 1676 3358 in

379 3385 458 3487 ejus
476 3381 609 3461 musaeo
627 3384 745 3462 codex
765 3384 972 3463 x11.saeculi
991 3384 1288 3460 membranaceus
1305 3383 1343 3457 in
1360 3408 1447 3485 quo.

423 3500 570 3591 joannis
584 3489 780 3596 Damefieni
802 3485 1059 3595 Philosophica
1081 3503 1119 3570 δι
1137 3488 1361 3590 Rhetorica,
1383 3490 1421 3563 in
1441 3488 1512 3566 fine
1529 3494 1675 3595 legitur,

379 3596 475 3686 π’λρς
493 3587 549 3689 als
564 3601 807 3699 {paarrmsw
824 3598 959 3684 lucrabor}
984 3606 1024 3678 'ni
1047 3600 1215 3709 Maronilp,
1229 3605 1284 3685 nie
1299 3599 1475 3686 nurdlmne
1492 3601 1675 3700 >repausare

379 3708 513 3807 βὶζλρυ.
548 3707 591 3785 ld
611 3708 682 3784 est:
703 3713 807 3785 Finis
820 3707 1086 3785 lucubmtianum
1104 3710 1249 3808 Joannis
1264 3703 1411 3809 Manstcn
1438 3704 1519 3783 libri
1537 3707 1677 3807 scilicet

381 3821 442 3919 qui
454 3815 636 3894 Pandelles
653 3839 803 3894 vocatur.
837 3812 983 3890 Adsunt
1001 3814 1093 3891 item
1120 3813 1159 3886 in
1177 3813 1249 3887 alio
1268 3810 1399 3889 cudite
1421 3810 1673 3916 inscriptiones

382 3923 683 4026 variaeantiquae,
704 3948 828 3998 earum
849 3923 992 4021 aliquot
1006 3917 1262 4023 excetpfimus.
1289 3919 1508 4023 Insequente
1518 3921 1590 4019 die,
1609 3951 1673 4001 eo-

383 4027 469 4107 dem
489 4034 647 4124 comite,
667 4029 714 4105 ad
735 4027 828 4109 ades
855 4030 899 4104 cl.
916 4029 997 4104 Viti
1019 4029 1186 4106 Ruzzini
1210 4029 1354 4105 Pattitii
1373 4030 1507 4102 Veneti
1530 4033 1673 4107 aceedi-

382 4163 479 4215 mus.
495 4136 678 4216 Musaeum
700 4136 752 4214 ibi
775 4136 972 4241 pretiosum
999 4159 1093 4213 erat:
1114 4137 1206 4211 inter
1225 4133 1446 4213 numismata
1468 4161 1573 4214 autea
1592 4166 1672 4241 qua

383 4243 476 4323 bene
494 4248 611 4322 multa
629 4246 704 4323 istic
731 4243 907 4322 habentur
928 4304 938 4335 ,
970 4243 1020 4319 est
1041 4242 1190 4344 Trajani
1210 4240 1399 4347 quoddam
1426 4243 1465 4317 in
1484 4245 1584 4342 eujus
1603 4273 1671 4349 po-

380 4353 467 4431 stica
485 4352 611 4429 Nerva
638 4366 675 4434 &
701 4353 842 4430 Plotina
859 4350 1009 4430 adversa
1027 4347 1121 4427 facie
1138 4346 1312 4427 visuntur.
1347 4348 1478 4425 Aiebat
1499 4352 1672 4430 Partitius

381 4461 666 4539 numerosiorem
691 4463 781 4538 olim
804 4459 928 4537 seriem
952 4522 964 4556 ,
993 4457 1164 4561 dilhpatis
1188 4453 1430 4562 distraelisque
1451 4460 1576 4533 multis
1600 4483 1670 4535 nu·

379 4564 642 4665 mismatibus,
675 4571 907 4647 imminutam
929 4564 1137 4642 admodum
1153 4560 1270 4641 fuisl'e.
1311 4567 1409 4643 Inter
1431 4566 1574 4669 lapillos
1607 4564 1671 4669 qul

380 4675 475 4757 bene
494 4679 604 4759 multi
620 4677 697 4756 istie
715 4701 849 4777 etant,
879 4670 1086 4790 spectandus
1105 4672 1344 4756 carbunculus
1373 4674 1410 4751 iu
1429 4677 1529 4780 eujus
1553 4671 1669 4757 medi·
