4180 5684
765 436 892 550 Caput
916 421 1151 549 eigestonam
1166 423 1369 523 onoma.
1705 490 1732 565 4
1736 489 1758 567 5
1759 491 1782 573 5

511 551 610 634 Ibicl.
639 565 686 635 In
707 561 810 663 Syria
824 552 1034 656 prnseilum.
1065 560 1164 634 Dein
1174 553 1384 654 Praseflum
1396 568 1448 638 H
1450 559 1620 665 elesponti
1632 569 1778 685 (Phry.

455 665 525 780 glae
537 669 548 760 l
560 662 853 765 Ariobareanem.
879 660 1022 744 Deinde
1042 670 1151 771 Syria
1166 662 1374 767 prafeflum.
1404 663 1532 777 Hujus
1552 676 1664 782 Syria:
1681 712 1777 794 prae.

453 775 542 851 leoli
562 799 707 852 nornen
727 801 806 850 non
824 768 1003 851 omiserat
1021 774 1104 852 Tro
1134 801 1203 875 us,
1231 800 1355 885 neque
1375 804 1487 858 autor
1507 784 1776 901 Prologorum,

455 886 604 963 Verum
623 881 795 991 neglexit
812 881 893 961 hnc
914 799 1229 995 omniuJuilinus.
1264 888 1467 970 Diodorus
1487 920 1579 975 vero
1604 908 1667 1008 qui
1688 936 1775 987 nar.

451 1015 515 1071 rat
530 995 676 1100 Syriam
697 989 746 1072 ab
767 995 984 1073 Artaxerxe
1006 990 1205 1097 dct'ccille,
1230 1025 1374 1081 nomen
1395 1005 1562 1116 Satrapae
1582 1014 1720 1095 omisit.

439 1109 454 1114 “
505 1111 691 1183 Armenia
706 1116 876 1187 Orontem.
914 1107 1120 1217 Lege,Ae
1138 1108 1269 1219 Mystae
1288 1122 1572 1196 Orontem:nam
1587 1122 1774 1232 Orontes,

453 1234 495 1290 ut
513 1211 632 1292 habet
650 1215 877 1318 Diodorus,
899 1215 1049 1329 satrapa
1066 1242 1149 1297 erat
1166 1219 1299 1331 Mysia:
1320 1225 1359 1301 in
1376 1223 1464 1304 Asia
1481 1233 1631 1314 minore
1655 1304 1665 1338 ,
1692 1270 1773 1319 non

451 1324 655 1404 Armeniae.

504 1434 602 1517 ibid.
620 1437 753 1519 Sidona
768 1449 907 1541 aceepit.
934 1441 1063 1551 Lege,
1080 1444 1212 1526 Sidona
1230 1458 1329 1549 cepit.

506 1544 603 1625 lbid.
624 1550 814 1653 iffieloror.
845 1550 1041 1652 Emenda,
1058 1554 1260 1655 notiores,
1280 1563 1319 1635 &
1335 1553 1384 1634 lic
1404 1556 1490 1669 lege
1512 1600 1520 1641 :
1539 1577 1585 1642 In
1607 1569 1768 1655 Cadndls

448 1658 564 1732 viilor
577 1645 757 1755 deseilores
773 1670 811 1735 in
828 1661 922 1759 Asia
935 1683 1140 1765 numeratos
1156 1678 1168 1765 (
1185 1659 1247 1743 seu
1267 1661 1465 1778 satrapas)
1483 1676 1599 1753 Hanc
1617 1678 1766 1757 testitu-

448 1768 594 1844 tionem
614 1771 856 1848 Maximiano
873 1769 1000 1848 codici
1020 1770 1214 1853 debemus.

484 1914 486 1919 ’
505 1874 602 1957 [bid.
623 1891 797 1988 Regnent
816 1879 953 1989 Arsam.
982 1884 1123 1963 Deinde
1141 1914 1224 1964 reus.
1246 1886 1439 1993 Emenda,
1456 1910 1616 2004 regnavit
1634 1901 1742 1999 Arfer
1751 1963 1764 1995 ,

447 1983 525 2062 dein
542 1997 707 2084 Darem,
723 1990 786 2068 ool
801 1999 964 2091 Dareus,
988 1995 1053 2101 qui
1073 2022 1162 2074 cum
1182 1994 1407 2079 Alexandro
1430 2007 1653 2088 Macedone
1675 2002 1765 2088 con.

447 2091 555 2174 flixit.

500 2204 620 2286 Libro
640 2238 689 2286 12.
716 2208 817 2288 Editi
836 2207 1175 2326 liubenttorigines
1197 2217 1555 2325 ItalieaApulornm.
1582 2229 1656 2308 Sed
1674 2233 1763 2311 Ma-

447 2317 635 2395 ximianus
656 2318 781 2398 codex
800 2319 941 2424 habet,
960 2324 1104 2405 Italica
1121 2328 1537 2431 populorum,Vaticani
1559 2338 1659 2439 du0‚
1681 2354 1763 2420 Ira·

443 2424 503 2502 lia
519 2429 724 2531 populorum.
758 2430 883 2510 Addit
900 2438 1161 2515 Maximianus
1179 2437 1268 2518 cod.
1301 2457 1521 2523 Lucanorum
1550 2449 1664 2528 codd.
1685 2451 1764 2527 duo

446 2535 665 2619 Colbertini
684 2544 784 2620 reete
803 2541 970 2644 habent,
990 2547 1210 2650 Apulorum,
1227 2564 1446 2632 Lucanorum
1463 2556 1510 2648 ὅ»
1526 2568 1735 2640 Sanrnrtum.

497 2647 595 2729 lbid.
615 2660 807 2731 Annemon.
837 2655 965 2764 Lege,
988 2668 1158 2737 Mnemon
1175 2718 1189 2753 ,
1215 2667 1254 2739 &
1273 2660 1322 2740 stc
1340 2661 1487 2745 habent
1513 2667 1665 2749 codices
1684 2677 1762 2753 Va-

443 2781 569 2838 ticam.

499 2868 619 2948 Libro
641 2897 687 2968 13.
709 2872 882 2967 Plutone,
901 2872 1008 2985 lege,
1030 2874 1189 2959 Pithone.

496 2982 512 3059 l
518 2978 593 3059 bid.
615 2984 756 3061 Bellum
775 3014 842 3089 quo
861 2988 1054 3066 Perdiccae
1068 3017 1177 3098 regern
1192 2992 1430 3072 Ariarathem
1446 2999 1570 3075 oceidit
1581 2999 1626 3091 (i
1638 3008 1761 3107 oeeifier

440 3094 492 3184 est.
526 3093 636 3169 Itane
661 3092 864 3172 Perdiccas
891 3091 1034 3175 occisus
1052 3096 1107 3177 est
1126 3101 1166 3177 in
1192 3098 1296 3181 bello
1321 3129 1458 3183 contra
1480 3106 1759 3194 Ariarathem?

440 3184 659 3280 Absurdum
684 3202 798 3313 plane
818 3241 826 3283 :
844 3209 974 3316 itaque
991 3207 1163 3318 pauculae
1181 3239 1295 3292 voces
1313 3214 1502 3296 addenda
1524 3246 1572 3297 ex
1588 3222 1757 3330 lustlss03

439 3310 581 3405 oceidit,
602 3310 648 3404 (o
667 3338 707 3389 ut
726 3317 794 3427 ipse
812 3328 1007 3426 AEgyptum
1025 3349 1099 3396 eum
1114 3336 1263 3401 exercitu
1277 3349 1395 3428 petens
1412 3329 1534 3433 oeeifies
1555 3342 1605 3435 est.

493 3419 591 3500 Ibid.
613 3427 754 3504 Bellum
777 3423 1000 3527 Lam'saeum.
1029 3430 1224 3534 Emenda,
1241 3432 1478 3538 Lamiacum,⁸
1499 3438 1589 3520 licet
1607 3443 1759 3523 voxilla

439 3557 622 3641 corrupta
644 3533 742 3612 sitin
759 3532 957 3617 codicibus
973 3538 1150 3619 omnibus
1169 3546 1358 3625 Romanis
1376 3555 1414 3627 δι
1431 3548 1675 3632 Colbertinis.

493 3641 613 3719 Libro
636 3674 689 3743 14.
714 3656 775 3727 Sic
790 3650 979 3726 Aridaum
998 3665 1035 3728 m
1045 3649 1207 3764 Phrygia
1224 3656 1412 3757 majorem
1435 3660 1564 3740 Cliton.
1590 3665 1757 3774 Optime

437 3745 584 3828 habent
603 3754 757 3834 codices
776 3755 855 3834 duo
875 3757 1115 3862 Colbertini,
1130 3761 1290 3877 Phrygia
1310 3780 1437 3846 minore
1459 3798 1577 3849 :nam
1602 3776 1759 3884 Satrapa

436 3886 517 3937 non
532 3888 601 3939 rex
620 3864 813 3942 Arridaeus
829 3895 991 3975 praeerat
1011 3870 1187 3981 Phrygiae
1211 3879 1349 3954 minori
1372 3876 1423 3955 ad
1443 3879 1589 3963 Helles
1607 3911 1754 3964 ontum.

438 3966 606 4051 Consule
630 3974 856 4054 Diodorum
882 3976 945 4057 lib.
974 4010 1027 4083 19.
1067 3985 1188 4062 Hunc
1212 3986 1427 4067 Arridaeum
1448 3986 1552 4068 bello
1575 3913 1754 4074 Arceffivit

438 4082 665 4191 Antigonus.
697 4102 745 4167 Et
762 4086 899 4182 Clima,
926 4089 1028 4170 adde
1046 4095 1166 4204 Lydia
1175 4155 1188 4189 ,
1208 4100 1267 4173 cui
1287 4122 1450 4207 preerat
1467 4092 1615 4204 Clitus,
1636 4132 1754 4215 quem

437 4199 675 4379 oppufnavit
697 4198 916 4308 Antigonus
938 4246 947 4301 5
975 4199 1066 4282 licet
1086 4202 1168 4283 haec
1189 4234 1292 4308 vox,
1319 4208 1468 4318 Lydia,
1496 4211 1605 4289 nullo
1626 4220 1665 4292 in
1687 4244 1752 4293 co.

437 4300 524 4487 dicte
560 4331 705 4413 egatus.
746 4308 862 4388 Adde
887 4307 1054 4421 insuper,
1074 4313 1120 4407 dv
1138 4339 1178 4392 ut
1195 4346 1221 4395 a
1241 4319 1361 4420 Clito,
1388 4318 1535 4430 &post
1562 4318 1752 4432 sequitur,

434 4415 502 4489 vii
513 4442 557 4487 ue
578 4422 649 4495 δίε.

489 4520 652 4604 Ibidem.
665 4540 855 4637 Captaque
869 4532 918 4607 ad
926 4532 1079 4628 fatorum
1089 4548 1144 4617 M
1135 4534 1246 4646 yelua
1258 4562 1404 4617 matrem
1414 4540 1619 4625 Alexandri
1631 4545 1748 4655 Olym-

429 4633 791 4737 praemonemur.
837 4642 1167 4752 Corruptilsrmum
1195 4647 1299 4727 hunc
1324 4648 1454 4729 locum
1480 4680 1554 4761 ope
1581 4652 1748 4735 duorum

433 4744 714 4826 Vaticanorum
735 4750 913 4830 codicum
926 4758 1203 4840 &Maximiani
1213 4759 1617 4845 restituimusrhabent
1633 4770 1747 4847 enim]
