4422 5692
437 389 506 491 23⁶
894 362 1294 479 Diariumltalicum.
1715 466 1718 473 ‚

388 514 413 552 ‘³
491 491 694 575 Recordor
713 514 884 601 tempore
902 495 958 570 Pii
974 497 1041 574 IV.
1059 493 1192 573 venisse
1211 500 1377 575 Romam
1399 491 1574 573 Gothum
1595 526 1724 604 quem·

390 623 415 659 ’³
438 603 528 682 dam
545 667 556 703 ,
575 605 640 712 qui
658 601 795 679 librum
813 602 1099 708 antiquilhmum
1122 603 1290 711 gestabat
1302 669 1311 697 ,
1323 601 1385 678 ubi
1397 601 1444 682 de
1456 600 1627 681 thesauro
1640 635 1724 715 age-

392 731 416 767 a
440 710 560 790 batur.
587 714 715 790 Inerat
738 703 948 816 symbolum
969 710 1144 818 serpentis
1163 739 1208 787 ac
1225 710 1350 817 ligura·
1360 739 1504 819 parva‘,
1523 717 1724 821 inanagl).

392 839 416 875 ’³
439 819 518 931 pho
543 817 759 916 delineata,
776 845 911 927 parum
928 823 1158 927 prominenti
1178 883 1188 916 ,
1207 846 1287 924 quat
1307 818 1424 933 figura
1442 847 1489 898 ex
1515 848 1590 897 uno
1609 821 1727 901 latere

392 947 417 983 ”
440 925 608 1037 gestabat
625 955 743 1004 cornu
761 930 877 1034 eopia
896 992 907 1025 ,
926 927 1044 1005 altera
1063 954 1193 1003 manus
1212 936 1363 1004 extenlo
1383 929 1502 1035 digito
1522 925 1725 1008 veriuster-

396 1056 417 1089 ’³
440 1065 521 1113 ram
533 1035 725 1143 quidpiam
736 1035 1066 1113 commonstrabat.
1083 1034 1413 1143 Tamdiligentem
1423 1036 1726 1142 perquihtionem

395 1164 418 1198 ’³
443 1144 596 1222 Gothus
613 1142 785 1221 adhibuit
796 1208 806 1243 ,
817 1167 857 1220 ut
873 1140 980 1250 supra
992 1143 1090 1221 dida
1108 1140 1275 1250 symbola
1290 1140 1572 1222 manifestissime
1583 1141 1726 1253 expres.

395 1270 419 1306 ’³
442 1250 478 1330 sa
492 1256 531 1329 in
552 1250 670 1330 latere
685 1250 1341 1360 memoratillreusdeprehenderet.
1372 1255 1416 1330 ln
1427 1246 1502 1357 ipso
1514 1276 1616 1330 certe
1625 1256 1728 1332 Arcu

395 1378 420 1413 ’³
443 1359 546 1437 nulla
565 1358 676 1437 video
694 1354 766 1436 seul
796 1383 835 1436 ta
849 1383 984 1468 praeter
999 1386 1135 1467 eaque
1146 1359 1305 1436 diximus
1318 1355 1495 1465 symbola.
1513 1364 1652 1468 Neque
1664 1362 1728 1438 du·

398 1486 421 1522 ’³
445 1467 548 1546 bium
558 1466 611 1546 est
627 1465 728 1546 fuisse
738 1388 1075 1546 illliacsaelaabeo
1086 1473 1148 1575 qui
1168 1495 1298 1545 arcum
1315 1465 1502 1546 exstruxit:
1514 1472 1654 1548 etenim
1664 1495 1728 1577 pe-

398 1594 423 1629 ’³
446 1602 543 1654 tram
553 1575 800 1684 reliquithuic
810 1573 1183 1684 elaborandaesigurae
1194 1600 1332 1683 aptam.
1343 1571 1592 1682 Deprehenso
1603 1581 1729 1684 itaque

399 1702 422 1737 ’'
447 1683 720 1783 loeo,Gothus
729 1680 913 1761 summunt
925 1682 1147 1760 Pontificem
1168 1684 1289 1780 adiit,
1313 1686 1376 1789 qui
1395 1683 1450 1759 his
1470 1683 1632 1782 auditis,
1656 1679 1727 1762 tes.

398 1810 423 1846 ‘³
444 1793 580 1901 pondit
598 1791 662 1901 ipsi
680 1818 793 1900 penes
810 1795 1006 1872 Romanos
1023 1795 1120 1869 cives
1135 1789 1226 1891 elle,
1244 1813 1286 1866 ut
1306 1790 1420 1867 talem
1437 1788 1732 1899 ipsifacultatem

400 1918 424 1954 ’³
446 1900 581 1979 darent
599 1936 607 1977 ι
625 1895 821 1979 Romanos
839 1900 902 1979 ille
918 1900 997 1977 adit
1015 1965 1026 1998 ,
1043 1926 1158 2005 reque
1169 1897 1730 2007 proposita,impetrataeruen

400 2025 424 2061 ’³
448 2008 487 2086 di
505 2004 664 2086 thesauri
680 2006 880 2107 facultate,
899 2003 1017 2085 subito
1038 2012 1142 2116 operi
1160 2034 1313 2085 manum
1333 2007 1535 2108 admovet,
1550 2016 1588 2085 ὃ(
1604 2034 1625 2084 a
1643 2007 1732 2087 late-

399 2135 424 2170 ”
447 2145 488 2196 re
505 2144 611 2193 artus
628 2112 770 2224 scalpro
795 2143 863 2193 ceu
882 2110 1032 2224 po'rtam
1051 2121 1198 2223 aperit,
1222 2119 1348 2193 animo
1368 2143 1456 2193 cum
1469 2109 1671 2195 devenisset
1682 2115 1733 2193 ad

401 2243 425 2278 ’³
447 2224 614 2302 medium
633 2223 714 2332 pilae
733 2218 879 2324 ,versus
897 2221 1128 2331 profundum
1149 2224 1314 2302 ducendi
1333 2222 1516 2302 foramen.
1549 2228 1646 2301 Hac
1670 2252 1732 2301 at-

401 2350 426 2385 ‘³
448 2338 530 2440 cepi
549 2360 571 2408 a
589 2329 791 2413 Lucertola
807 2326 990 2438 scalptore
1008 2397 1018 2430 ,
1038 2335 1102 2438 qui
1120 2330 1206 2408 huic
1230 2334 1336 2439 operi
1353 2326 1557 2408 insudabat.
1589 2338 1733 2411 Verum

401 2444 612 2520 ”excitato
637 2437 810 2549 populari
836 2439 1027 2539 tumultu,
1057 2439 1233 2516 Gothum
1268 2467 1399 2516 omnes
1426 2438 1670 2547 interpellant
1685 2465 1734 2518 ne

400 2565 425 2601 ‘’
448 2572 618 2657 coeptum
635 2576 727 2655 opus
769 2546 911 2626 erficiat
930 2612 941 2649 ,
961 2548 1129 2625 dieentes
1146 2551 1185 2624 in
1207 2552 1354 2625 ruinam
1364 2552 1502 2625 iturum
1514 2570 1735 2646 areum,at-

402 2673 426 2709 ’³
477 2684 522 2735 ue
539 2655 637 2765 apud
664 2574 817 2733 Gothos
833 2659 1039 2749 etiamnum
1058 2649 1293 2765 perseverare
1309 2654 1452 2733 rabiem
1468 2653 1571 2733 illam
1586 2656 1736 2733 diruen-

401 2782 426 2817 '2
449 2687 585 2842 dorum
604 2768 770 2843 Romani
788 2762 918 2872 populi
928 2787 1273 2842 monumentorum.
1301 2762 1454 2841 Gothus
1464 2768 1591 2870 itaque
1602 2757 1736 2842 absces-

404 2891 428 2924 ”
452 2874 494 2950 lit
510 2939 521 2971 ,
538 2869 756 2981 imperfeelo
774 2899 898 2980 opere.
917 2876 969 2951 Eo
1003 2896 1129 2952 autem
1149 2871 1238 2948 loco
1259 2870 1383 2948 adhuc
1399 2870 1547 2948 videtur
1564 2869 1737 2951 foramen

405 2996 429 3031 ’⁹
452 3008 474 3059 a
490 2977 672 3087 scalptore
689 2978 836 3058 saelum.
853 2980 1001 3059 Etiamsi
1018 3008 1133 3087 porro
1151 2980 1324 3087 quadam
1341 2976 1461 3056 scribo
1477 2983 1515 3054 in
1531 2975 1740 3057 hiseesche-

405 3105 429 3140 ’³
453 3087 548 3165 dulis
570 3116 668 3193 quat,
686 3117 771 3164 cum
791 3093 945 3194 antiqua
963 3113 1211 3167 monumenta
1227 3115 1306 3164 non
1324 3110 1539 3165 memorent
1556 3086 1670 3185 ,nihil
1688 3088 1738 3164 ad

406 3213 429 3247 ’³
452 3192 604 3305 scopum
622 3220 727 3272 tuum
746 3191 931 3303 speetant:
960 3222 998 3272 at
1017 3224 1102 3272 cum
1129 3196 1322 3302 quidpiam
1338 3222 1417 3271 non
1435 3197 1623 3304 ingratum
1643 3199 1740 3274 auri-

406 3320 429 3354 ”
454 3303 519 3382 bus
538 3302 764 3411 preferant,
787 3301 949 3380 tacenda
967 3331 1045 3379 non
1060 3302 1244 3380 aestimavi.

505 3417 600 3521 Qut
615 3411 678 3488 hle
698 3434 826 3488 narrat
844 3410 1071 3509 Flaminius,
1100 3438 1339 3518 nequaquam
1368 3437 1429 3489 me
1448 3438 1470 3487 a
1489 3411 1640 3519 pristina
1660 3416 1738 3521 opi.

453 3524 566 3598 nione
593 3544 819 3617 reiaiovent,
849 3545 962 3625 quam
990 3514 1026 3595 su
1055 3523 1151 3596 erius
1190 3519 1238 3596 ad
1260 3519 1466 3597 Caracalla
1485 3524 1627 3597 circum
1652 3547 1740 3627 ape-

453 3632 519 3706 rui.
549 3628 667 3734 Quod
687 3632 786 3705 enim
806 3626 854 3704 de
872 3626 1008 3704 Gotho
1028 3548 1150 3705 habet
1165 3627 1365 3704 Flaminius
1387 3693 1398 3725 ,
1423 3627 1545 3735 deque
1565 3627 1668 3735 signo
1686 3628 1740 3703 la.

454 3741 565 3811 tentis
583 3733 742 3813 thesauri
762 3760 1048 3833 ,commentum
1067 3733 1147 3812 olet
1165 3770 1173 3811 ε
1191 3734 1372 3841 hquidem
1391 3734 1543 3812 Gothus
1561 3734 1624 3812 ille
1644 3735 1742 3814 vela

456 3842 656 3947 majoribus
674 3843 720 3925 ad
741 3837 854 3949 usque
868 3839 968 3920 suam
988 3867 1137 3921 aetatem
1156 3842 1358 3921 deduttum
1374 3838 1583 3949 symbolum
1602 3908 1613 3940 ,
1633 3837 1741 3920 secu-

456 3948 499 4027 lis
517 3950 598 4059 plus
616 3979 727 4057 quam
748 3951 925 4030 undecim
943 3949 1070 4059 elapsis
1087 4017 1097 4050 ,
1117 3950 1445 4055 haereditariojute
1464 3951 1744 4058 aceepit,quod

457 4086 589 4137 aveto
613 4058 717 4134 sinnli
737 4059 918 4139 abhorret
941 4105 951 4161 3
981 4059 1041 4138 vel
1062 4057 1250 4136 diabolica
1267 4084 1347 4137 arte
1367 4124 1378 4157 ,
1395 4058 1527 4166 procul
1545 4056 1682 4165 positus
1708 4067 1746 4137 &

459 4167 601 4275 signum
622 4175 658 4244 &
675 4166 800 4243 locum
820 4165 980 4245 thesauri
998 4166 1588 4274 deprehendit,quodacordato
1599 4171 1660 4243 vix
1672 4194 1747 4247 cre-

460 4276 588 4352 datur:
615 4275 756 4354 &alias
775 4302 852 4351 non
875 4273 947 4458 ipse
968 4271 1002 4353 se
1021 4280 1073 4353 rei
1092 4275 1223 4353 testem
1243 4269 1467 4374 narrat3sed
1478 4272 1631 4382 plebeia
1645 4270 1748 4351 sortis

461 4382 602 4460 homini
625 4408 820 4489 acceptam
838 4410 877 4460 re
896 4407 961 4460 ert.

512 4493 652 4569 Eadem
680 4496 739 4567 via
767 4497 982 4598 pervenitur
1013 4487 1062 4563 ad
1089 4491 1322 4565 Antoninam
1350 4488 1545 4597 plat-eam,
1571 4489 1634 4565 ubi
1653 4486 1748 4563 ades

464 4600 631 4709 Chiggia
651 4599 811 4680 alterum
829 4598 923 4677 latus
945 4619 1143 4707 occupant.
1174 4601 1266 4675 Sunt
1286 4602 1386 4675 enim
1401 4598 1601 4707 perampla
1621 4604 1658 4674 be
1674 4595 1748 4674 ele-
