<?xml version="1.0" encoding="UTF-8"?>
<!DOCTYPE html PUBLIC "-//W3C//DTD XHTML 1.0 Transitional//EN"
    "http://www.w3.org/TR/xhtml1/DTD/xhtml1-transitional.dtd">
<html xmlns="http://www.w3.org/1999/xhtml" xml:lang="en" lang="en">
 <head>
  <title>
</title>
<meta http-equiv="Content-Type" content="text/html;charset=utf-8" />
  <meta name='ocr-system' content='tesseract 3.04.00' />
  <meta name='ocr-capabilities' content='ocr_page ocr_carea ocr_par ocr_line ocrx_word'/>
</head>
<body>
  <div class='ocr_page' id='page_1' title='image "./diariumitalicum00montgoog_0428.png"; bbox 0 0 4352 5690; ppageno 0'>
   <div class='ocr_carea' id='block_1_1' title="bbox 562 419 1897 2890">
    <p class='ocr_par' dir='ltr' id='par_1_1' title="bbox 567 419 1897 1555">
     <span class='ocr_line' id='line_1_1' title="bbox 930 419 1894 552; baseline -0.003 -35"><span class='ocrx_word' id='word_1_1' title='bbox 930 438 1057 552; x_wconf 74' lang='lat' dir='ltr'>Caput</span> <span class='ocrx_word' id='word_1_2' title='bbox 1079 419 1500 552; x_wconf 63' lang='lat' dir='ltr'>oigndmumstxturn.</span> <span class='ocrx_word' id='word_1_3' title='bbox 1830 446 1894 547; x_wconf 76' lang='lat'>381</span> 
     </span>
     <span class='ocr_line' id='line_1_2' title="bbox 567 548 1896 665; baseline -0.005 -31"><span class='ocrx_word' id='word_1_4' title='bbox 567 581 667 638; x_wconf 81' lang='lat' dir='ltr'>voce</span> <span class='ocrx_word' id='word_1_5' title='bbox 686 564 725 639; x_wconf 76' lang='grc' dir='ltr'>δι</span> <span class='ocrx_word' id='word_1_6' title='bbox 742 553 868 652; x_wconf 87' lang='lat' dir='ltr'>fama,</span> <span class='ocrx_word' id='word_1_7' title='bbox 885 548 973 634; x_wconf 81' lang='lat' dir='ltr'>sara</span> <span class='ocrx_word' id='word_1_8' title='bbox 993 550 1213 662; x_wconf 86' lang='lat' dir='ltr'>loquentia,</span> <span class='ocrx_word' id='word_1_9' title='bbox 1230 549 1321 665; x_wconf 65' lang='lat' dir='ltr'>stiffi</span> <span class='ocrx_word' id='word_1_10' title='bbox 1331 552 1516 657; x_wconf 71' lang='lat' dir='ltr'>parianu,</span> <span class='ocrx_word' id='word_1_11' title='bbox 1532 553 1572 630; x_wconf 88' lang='lat' dir='ltr'>in</span> <span class='ocrx_word' id='word_1_12' title='bbox 1589 548 1684 634; x_wconf 90' lang='lat' dir='ltr'>urbe</span> <span class='ocrx_word' id='word_1_13' title='bbox 1710 550 1815 636; x_wconf 79' lang='lat' dir='ltr'>fuille</span> <span class='ocrx_word' id='word_1_14' title='bbox 1839 555 1896 640; x_wconf 86' lang='lat' dir='ltr'>fe.</span> 
     </span>
     <span class='ocr_line' id='line_1_3' title="bbox 568 660 1896 778; baseline -0.005 -32"><span class='ocrx_word' id='word_1_15' title='bbox 568 690 733 748; x_wconf 87' lang='lat' dir='ltr'>rantur:</span> <span class='ocrx_word' id='word_1_16' title='bbox 751 665 859 778; x_wconf 93' lang='lat' dir='ltr'>quod</span> <span class='ocrx_word' id='word_1_17' title='bbox 875 662 1085 777; x_wconf 85' lang='lat' dir='ltr'>profanum</span> <span class='ocrx_word' id='word_1_18' title='bbox 1099 660 1256 772; x_wconf 82' lang='lat' dir='ltr'>vulgus,</span> <span class='ocrx_word' id='word_1_19' title='bbox 1274 663 1324 743; x_wconf 93' lang='lat' dir='ltr'>de</span> <span class='ocrx_word' id='word_1_20' title='bbox 1344 660 1533 773; x_wconf 78' lang='lat' dir='ltr'>lapidibus</span> <span class='ocrx_word' id='word_1_21' title='bbox 1550 689 1690 743; x_wconf 87' lang='lat' dir='ltr'>vocem</span> <span class='ocrx_word' id='word_1_22' title='bbox 1713 670 1896 749; x_wconf 90' lang='lat' dir='ltr'>emitten.</span> 
     </span>
     <span class='ocr_line' id='line_1_4' title="bbox 569 766 1897 889; baseline 0.003 -32"><span class='ocrx_word' id='word_1_23' title='bbox 569 774 671 857; x_wconf 89' lang='lat' dir='ltr'>tibus</span> <span class='ocrx_word' id='word_1_24' title='bbox 686 782 984 889; x_wconf 71' lang='lat' dir='ltr'>interpretatur,</span> <span class='ocrx_word' id='word_1_25' title='bbox 1000 796 1042 852; x_wconf 85' lang='lat' dir='ltr'>at</span> <span class='ocrx_word' id='word_1_26' title='bbox 1062 766 1294 884; x_wconf 83' lang='lat' dir='ltr'>sagaciores,</span> <span class='ocrx_word' id='word_1_27' title='bbox 1320 773 1362 851; x_wconf 91' lang='lat' dir='ltr'>id</span> <span class='ocrx_word' id='word_1_28' title='bbox 1382 774 1432 854; x_wconf 93' lang='lat' dir='ltr'>de</span> <span class='ocrx_word' id='word_1_29' title='bbox 1448 769 1755 886; x_wconf 87' lang='lat' dir='ltr'>inscriptionibus</span> <span class='ocrx_word' id='word_1_30' title='bbox 1773 778 1897 862; x_wconf 82' lang='lat' dir='ltr'>incisis</span> 
     </span>
     <span class='ocr_line' id='line_1_5' title="bbox 568 878 1896 1002; baseline 0.003 -34"><span class='ocrx_word' id='word_1_31' title='bbox 568 888 768 1000; x_wconf 80' lang='lat' dir='ltr'>apppofite</span> <span class='ocrx_word' id='word_1_32' title='bbox 790 888 932 969; x_wconf 69' lang='lat' dir='ltr'>didium</span> <span class='ocrx_word' id='word_1_33' title='bbox 951 883 1149 966; x_wconf 78' lang='lat' dir='ltr'>aestimant.</span> <span class='ocrx_word' id='word_1_34' title='bbox 1173 883 1250 963; x_wconf 83' lang='lat' dir='ltr'>Sed</span> <span class='ocrx_word' id='word_1_35' title='bbox 1275 878 1565 995; x_wconf 79' lang='lat' dir='ltr'>inscriptionum</span> <span class='ocrx_word' id='word_1_36' title='bbox 1591 912 1726 966; x_wconf 84' lang='lat' dir='ltr'>earum</span> <span class='ocrx_word' id='word_1_37' title='bbox 1752 916 1896 1002; x_wconf 84' lang='lat' dir='ltr'>magna</span> 
     </span>
     <span class='ocr_line' id='line_1_6' title="bbox 568 991 1894 1111; baseline 0.004 -34"><span class='ocrx_word' id='word_1_38' title='bbox 568 1026 657 1110; x_wconf 86' lang='lat' dir='ltr'>pars</span> <span class='ocrx_word' id='word_1_39' title='bbox 701 1003 805 1104; x_wconf 89' lang='lat' dir='ltr'>eriit,</span> <span class='ocrx_word' id='word_1_40' title='bbox 821 998 1003 1111; x_wconf 85' lang='lat' dir='ltr'>diruptis,</span> <span class='ocrx_word' id='word_1_41' title='bbox 1023 991 1233 1076; x_wconf 83' lang='lat' dir='ltr'>inaedificia</span> <span class='ocrx_word' id='word_1_42' title='bbox 1249 993 1435 1096; x_wconf 88' lang='lat' dir='ltr'>admotis,</span> <span class='ocrx_word' id='word_1_43' title='bbox 1452 998 1492 1075; x_wconf 92' lang='lat' dir='ltr'>in</span> <span class='ocrx_word' id='word_1_44' title='bbox 1509 993 1658 1078; x_wconf 88' lang='lat' dir='ltr'>calcem</span> <span class='ocrx_word' id='word_1_45' title='bbox 1667 996 1781 1079; x_wconf 82' lang='lat' dir='ltr'>versis</span> <span class='ocrx_word' id='word_1_46' title='bbox 1793 1029 1894 1082; x_wconf 81' lang='lat' dir='ltr'>ruar-</span> 
     </span>
     <span class='ocr_line' id='line_1_7' title="bbox 568 1028 1895 1224; baseline 0.003 -36"><span class='ocrx_word' id='word_1_47' title='bbox 568 1028 741 1191; x_wconf 77' lang='lat' dir='ltr'>moribus</span> <span class='ocrx_word' id='word_1_48' title='bbox 756 1148 764 1192; x_wconf 91' lang='lat'><strong>:</strong></span> <span class='ocrx_word' id='word_1_49' title='bbox 786 1140 858 1192; x_wconf 87' lang='lat' dir='ltr'>nec</span> <span class='ocrx_word' id='word_1_50' title='bbox 870 1106 1103 1224; x_wconf 87' lang='lat' dir='ltr'>spernendus</span> <span class='ocrx_word' id='word_1_51' title='bbox 1113 1131 1246 1187; x_wconf 86' lang='lat' dir='ltr'>tamen</span> <span class='ocrx_word' id='word_1_52' title='bbox 1261 1131 1401 1187; x_wconf 87' lang='lat' dir='ltr'>earum</span> <span class='ocrx_word' id='word_1_53' title='bbox 1412 1133 1594 1189; x_wconf 87' lang='lat' dir='ltr'>numerus</span> <span class='ocrx_word' id='word_1_54' title='bbox 1603 1103 1769 1219; x_wconf 88' lang='lat' dir='ltr'>superest</span> <span class='ocrx_word' id='word_1_55' title='bbox 1781 1157 1790 1212; x_wconf 77' lang='lat'>5</span> <span class='ocrx_word' id='word_1_56' title='bbox 1803 1115 1841 1190; x_wconf 88' lang='lat' dir='ltr'>in</span> <span class='ocrx_word' id='word_1_57' title='bbox 1851 1116 1895 1193; x_wconf 89' lang='lat' dir='ltr'>iis</span> 
     </span>
     <span class='ocr_line' id='line_1_8' title="bbox 568 1214 1891 1332; baseline -0.001 -30"><span class='ocrx_word' id='word_1_58' title='bbox 568 1219 771 1303; x_wconf 81' lang='lat' dir='ltr'>Hetruscae</span> <span class='ocrx_word' id='word_1_59' title='bbox 789 1251 869 1302; x_wconf 92' lang='lat' dir='ltr'>non</span> <span class='ocrx_word' id='word_1_60' title='bbox 888 1247 1030 1332; x_wconf 68' lang='lat' dir='ltr'>paucae.</span> <span class='ocrx_word' id='word_1_61' title='bbox 1046 1223 1146 1329; x_wconf 78' lang='lat' dir='ltr'>Qae</span> <span class='ocrx_word' id='word_1_62' title='bbox 1163 1214 1370 1298; x_wconf 89' lang='lat' dir='ltr'>AEruilium</span> <span class='ocrx_word' id='word_1_63' title='bbox 1389 1214 1589 1319; x_wconf 86' lang='lat' dir='ltr'>Paullum,</span> <span class='ocrx_word' id='word_1_64' title='bbox 1611 1220 1654 1300; x_wconf 89' lang='lat' dir='ltr'>L.</span> <span class='ocrx_word' id='word_1_65' title='bbox 1667 1219 1891 1325; x_wconf 75' lang='lat' dir='ltr'>Lucullum,</span> 
     </span>
     <span class='ocr_line' id='line_1_9' title="bbox 569 1323 1892 1445; baseline 0.002 -33"><span class='ocrx_word' id='word_1_66' title='bbox 569 1329 658 1412; x_wconf 86' lang='lat' dir='ltr'>Val.</span> <span class='ocrx_word' id='word_1_67' title='bbox 670 1337 889 1415; x_wconf 84' lang='lat' dir='ltr'>Maximum</span> <span class='ocrx_word' id='word_1_68' title='bbox 901 1329 1087 1442; x_wconf 68' lang='lat' dir='ltr'>spediant,</span> <span class='ocrx_word' id='word_1_69' title='bbox 1098 1355 1189 1411; x_wconf 90' lang='lat' dir='ltr'>meo</span> <span class='ocrx_word' id='word_1_70' title='bbox 1198 1328 1343 1436; x_wconf 88' lang='lat' dir='ltr'>judicio</span> <span class='ocrx_word' id='word_1_71' title='bbox 1355 1323 1561 1441; x_wconf 87' lang='lat' dir='ltr'>suspicione</span> <span class='ocrx_word' id='word_1_72' title='bbox 1572 1327 1764 1433; x_wconf 90' lang='lat' dir='ltr'>laborant,</span> <span class='ocrx_word' id='word_1_73' title='bbox 1774 1355 1892 1445; x_wconf 90' lang='lat' dir='ltr'>atque</span> 
     </span>
     <span class='ocr_line' id='line_1_10' title="bbox 568 1439 1324 1555; baseline -0.001 -33"><span class='ocrx_word' id='word_1_74' title='bbox 568 1439 743 1555; x_wconf 86' lang='lat' dir='ltr'>sequiore</span> <span class='ocrx_word' id='word_1_75' title='bbox 762 1472 845 1522; x_wconf 88' lang='lat' dir='ltr'>aevo</span> <span class='ocrx_word' id='word_1_76' title='bbox 860 1444 1106 1522; x_wconf 71' lang='lat' dir='ltr'>concinnata</span> <span class='ocrx_word' id='word_1_77' title='bbox 1128 1439 1324 1522; x_wconf 82' lang='lat' dir='ltr'>videntur.</span> 
     </span>
    </p>

    <p class='ocr_par' dir='ltr' id='par_1_2' title="bbox 567 1547 1891 2096">
     <span class='ocr_line' id='line_1_11' title="bbox 623 1547 1889 1660; baseline 0.001 -24"><span class='ocrx_word' id='word_1_78' title='bbox 623 1557 757 1636; x_wconf 86' lang='lat' dir='ltr'><strong>XIX.</strong></span> <span class='ocrx_word' id='word_1_79' title='bbox 775 1553 1012 1634; x_wconf 80' lang='lat' dir='ltr'>Florentiam</span> <span class='ocrx_word' id='word_1_80' title='bbox 1024 1547 1198 1632; x_wconf 90' lang='lat' dir='ltr'>secundo</span> <span class='ocrx_word' id='word_1_81' title='bbox 1214 1555 1407 1651; x_wconf 84' lang='lat' dir='ltr'>venimus,</span> <span class='ocrx_word' id='word_1_82' title='bbox 1424 1572 1543 1660; x_wconf 87' lang='lat' dir='ltr'>atque</span> <span class='ocrx_word' id='word_1_83' title='bbox 1558 1576 1582 1630; x_wconf 86' lang='lat' dir='ltr'>a</span> <span class='ocrx_word' id='word_1_84' title='bbox 1597 1552 1651 1631; x_wconf 79' lang='lat' dir='ltr'>D.</span> <span class='ocrx_word' id='word_1_85' title='bbox 1662 1549 1817 1636; x_wconf 79' lang='lat' dir='ltr'>Abbate</span> <span class='ocrx_word' id='word_1_86' title='bbox 1828 1622 1839 1656; x_wconf 88' lang='lat'>,</span> <span class='ocrx_word' id='word_1_87' title='bbox 1851 1563 1889 1636; x_wconf 84' lang='lat'>&amp;</span> 
     </span>
     <span class='ocr_line' id='line_1_12' title="bbox 568 1655 1890 1748; baseline -0.002 0"><span class='ocrx_word' id='word_1_88' title='bbox 568 1663 778 1748; x_wconf 87' lang='lat' dir='ltr'>Monachis</span> <span class='ocrx_word' id='word_1_89' title='bbox 803 1667 840 1746; x_wconf 77' lang='lat' dir='ltr'>S.</span> <span class='ocrx_word' id='word_1_90' title='bbox 862 1666 998 1745; x_wconf 82' lang='lat' dir='ltr'>Mariae</span> <span class='ocrx_word' id='word_1_91' title='bbox 1020 1655 1141 1742; x_wconf 86' lang='lat' dir='ltr'>solitis</span> <span class='ocrx_word' id='word_1_92' title='bbox 1164 1661 1414 1743; x_wconf 83' lang='lat' dir='ltr'>humanitatis</span> <span class='ocrx_word' id='word_1_93' title='bbox 1437 1688 1484 1741; x_wconf 88' lang='lat' dir='ltr'>ac</span> <span class='ocrx_word' id='word_1_94' title='bbox 1503 1659 1782 1744; x_wconf 78' lang='lat' dir='ltr'>benevolentia:</span> <span class='ocrx_word' id='word_1_95' title='bbox 1805 1665 1890 1747; x_wconf 88' lang='lat' dir='ltr'>offi-</span> 
     </span>
     <span class='ocr_line' id='line_1_13' title="bbox 567 1763 1889 1887; baseline 0 -32"><span class='ocrx_word' id='word_1_96' title='bbox 567 1778 634 1855; x_wconf 89' lang='lat' dir='ltr'>ciis</span> <span class='ocrx_word' id='word_1_97' title='bbox 659 1772 858 1887; x_wconf 87' lang='lat' dir='ltr'>exceptus,</span> <span class='ocrx_word' id='word_1_98' title='bbox 886 1772 1037 1884; x_wconf 82' lang='lat' dir='ltr'>aliquot</span> <span class='ocrx_word' id='word_1_99' title='bbox 1056 1773 1197 1854; x_wconf 86' lang='lat' dir='ltr'>exinde</span> <span class='ocrx_word' id='word_1_100' title='bbox 1215 1771 1349 1856; x_wconf 91' lang='lat' dir='ltr'>diebus</span> <span class='ocrx_word' id='word_1_101' title='bbox 1365 1763 1546 1854; x_wconf 75' lang='lat' dir='ltr'>assuetam</span> <span class='ocrx_word' id='word_1_102' title='bbox 1575 1800 1735 1886; x_wconf 86' lang='lat' dir='ltr'>operam</span> <span class='ocrx_word' id='word_1_103' title='bbox 1752 1772 1889 1856; x_wconf 83' lang='lat' dir='ltr'>exscri-</span> 
     </span>
     <span class='ocr_line' id='line_1_14' title="bbox 568 1881 1891 1996; baseline 0 -29"><span class='ocrx_word' id='word_1_104' title='bbox 568 1885 705 1967; x_wconf 90' lang='lat' dir='ltr'>bendis</span> <span class='ocrx_word' id='word_1_105' title='bbox 721 1890 988 1968; x_wconf 82' lang='lat' dir='ltr'>Laurentianae</span> <span class='ocrx_word' id='word_1_106' title='bbox 1017 1881 1265 1967; x_wconf 74' lang='lat' dir='ltr'>bibliotheca:</span> <span class='ocrx_word' id='word_1_107' title='bbox 1289 1882 1515 1986; x_wconf 82' lang='lat' dir='ltr'>codicibus,</span> <span class='ocrx_word' id='word_1_108' title='bbox 1539 1881 1815 1996; x_wconf 89' lang='lat' dir='ltr'>opitulantibus</span> <span class='ocrx_word' id='word_1_109' title='bbox 1839 1887 1891 1968; x_wconf 87' lang='lat' dir='ltr'>de</span> 
     </span>
     <span class='ocr_line' id='line_1_15' title="bbox 568 1990 1769 2096; baseline -0.002 -18"><span class='ocrx_word' id='word_1_110' title='bbox 568 2024 681 2078; x_wconf 83' lang='lat' dir='ltr'>more</span> <span class='ocrx_word' id='word_1_111' title='bbox 698 1999 872 2077; x_wconf 88' lang='lat' dir='ltr'>Antonio</span> <span class='ocrx_word' id='word_1_112' title='bbox 885 1994 1052 2077; x_wconf 87' lang='lat' dir='ltr'>Salvinio</span> <span class='ocrx_word' id='word_1_113' title='bbox 1067 2003 1107 2076; x_wconf 73' lang='grc' dir='ltr'>ὅ(</span> <span class='ocrx_word' id='word_1_114' title='bbox 1117 1990 1301 2079; x_wconf 83' lang='lat' dir='ltr'>Anselmo</span> <span class='ocrx_word' id='word_1_115' title='bbox 1313 1990 1769 2096; x_wconf 79' lang='lat' dir='ltr'>bandurio,insumimus.</span> 
     </span>
    </p>

    <p class='ocr_par' dir='ltr' id='par_1_3' title="bbox 562 2104 1897 2890">
     <span class='ocr_line' id='line_1_16' title="bbox 622 2104 1888 2218; baseline -0.003 -28"><span class='ocrx_word' id='word_1_116' title='bbox 622 2112 753 2190; x_wconf 92' lang='lat' dir='ltr'>XXI.</span> <span class='ocrx_word' id='word_1_117' title='bbox 779 2111 962 2218; x_wconf 85' lang='lat' dir='ltr'>Rogante</span> <span class='ocrx_word' id='word_1_118' title='bbox 981 2107 1036 2186; x_wconf 87' lang='lat' dir='ltr'>D.</span> <span class='ocrx_word' id='word_1_119' title='bbox 1058 2104 1226 2209; x_wconf 90' lang='lat' dir='ltr'>Blanco,</span> <span class='ocrx_word' id='word_1_120' title='bbox 1245 2105 1398 2217; x_wconf 86' lang='lat' dir='ltr'>inclytae</span> <span class='ocrx_word' id='word_1_121' title='bbox 1419 2104 1610 2187; x_wconf 86' lang='lat' dir='ltr'>Mediceae</span> <span class='ocrx_word' id='word_1_122' title='bbox 1635 2107 1756 2186; x_wconf 80' lang='lat' dir='ltr'>Gazae</span> <span class='ocrx_word' id='word_1_123' title='bbox 1777 2134 1888 2186; x_wconf 75' lang='lat' dir='ltr'>cura</span> 
     </span>
     <span class='ocr_line' id='line_1_17' title="bbox 567 2213 1890 2327; baseline 0.003 -33"><span class='ocrx_word' id='word_1_124' title='bbox 567 2239 654 2299; x_wconf 91' lang='lat' dir='ltr'>tore</span> <span class='ocrx_word' id='word_1_125' title='bbox 665 2217 734 2318; x_wconf 85' lang='lat' dir='ltr'>,ad</span> <span class='ocrx_word' id='word_1_126' title='bbox 745 2216 844 2298; x_wconf 79' lang='lat' dir='ltr'>aedes</span> <span class='ocrx_word' id='word_1_127' title='bbox 855 2213 1087 2296; x_wconf 86' lang='lat' dir='ltr'>Illustriffimi</span> <span class='ocrx_word' id='word_1_128' title='bbox 1098 2217 1337 2297; x_wconf 89' lang='lat' dir='ltr'>Marchionis</span> <span class='ocrx_word' id='word_1_129' title='bbox 1348 2215 1792 2327; x_wconf 83' lang='lat' dir='ltr'>Nicoliniproperanrus.</span> <span class='ocrx_word' id='word_1_130' title='bbox 1808 2222 1890 2298; x_wconf 88' lang='lat' dir='ltr'>Ha-</span> 
     </span>
     <span class='ocr_line' id='line_1_18' title="bbox 566 2324 1890 2437; baseline -0.003 -30"><span class='ocrx_word' id='word_1_131' title='bbox 566 2324 635 2408; x_wconf 89' lang='lat' dir='ltr'>bet</span> <span class='ocrx_word' id='word_1_132' title='bbox 650 2326 716 2408; x_wconf 93' lang='lat' dir='ltr'>ille</span> <span class='ocrx_word' id='word_1_133' title='bbox 734 2326 842 2406; x_wconf 89' lang='lat' dir='ltr'>domi</span> <span class='ocrx_word' id='word_1_134' title='bbox 860 2330 991 2407; x_wconf 88' lang='lat' dir='ltr'>icones</span> <span class='ocrx_word' id='word_1_135' title='bbox 1007 2354 1330 2409; x_wconf 84' lang='lat' dir='ltr'>marmoreasnon</span> <span class='ocrx_word' id='word_1_136' title='bbox 1342 2352 1501 2437; x_wconf 81' lang='lat' dir='ltr'>paucas,</span> <span class='ocrx_word' id='word_1_137' title='bbox 1514 2331 1693 2437; x_wconf 90' lang='lat' dir='ltr'>interque</span> <span class='ocrx_word' id='word_1_138' title='bbox 1710 2325 1802 2407; x_wconf 86' lang='lat' dir='ltr'>alias</span> <span class='ocrx_word' id='word_1_139' title='bbox 1813 2332 1890 2411; x_wconf 49' lang='lat' dir='ltr'>Res</span> 
     </span>
     <span class='ocr_line' id='line_1_19' title="bbox 565 2433 1889 2550; baseline -0.005 -33"><span class='ocrx_word' id='word_1_140' title='bbox 565 2441 622 2550; x_wconf 88' lang='lat' dir='ltr'>gis</span> <span class='ocrx_word' id='word_1_141' title='bbox 650 2433 850 2547; x_wconf 85' lang='lat' dir='ltr'>cujusdam</span> <span class='ocrx_word' id='word_1_142' title='bbox 863 2440 977 2547; x_wconf 84' lang='lat' dir='ltr'>Syriae</span> <span class='ocrx_word' id='word_1_143' title='bbox 996 2466 1260 2521; x_wconf 87' lang='lat' dir='ltr'>marmoreum</span> <span class='ocrx_word' id='word_1_144' title='bbox 1281 2461 1400 2550; x_wconf 87' lang='lat' dir='ltr'>caput</span> <span class='ocrx_word' id='word_1_145' title='bbox 1422 2466 1512 2517; x_wconf 90' lang='lat' dir='ltr'>cum</span> <span class='ocrx_word' id='word_1_146' title='bbox 1530 2434 1721 2539; x_wconf 89' lang='lat' dir='ltr'>humeris,</span> <span class='ocrx_word' id='word_1_147' title='bbox 1749 2439 1889 2520; x_wconf 86' lang='lat' dir='ltr'>Antio.</span> 
     </span>
     <span class='ocr_line' id='line_1_20' title="bbox 565 2544 1897 2663; baseline 0.002 -34"><span class='ocrx_word' id='word_1_148' title='bbox 565 2548 730 2629; x_wconf 89' lang='lat' dir='ltr'>chorum</span> <span class='ocrx_word' id='word_1_149' title='bbox 750 2553 972 2660; x_wconf 84' lang='lat' dir='ltr'>quempiam</span> <span class='ocrx_word' id='word_1_150' title='bbox 991 2546 1158 2650; x_wconf 71' lang='lat' dir='ltr'>estimo,</span> <span class='ocrx_word' id='word_1_151' title='bbox 1176 2575 1293 2663; x_wconf 86' lang='lat' dir='ltr'>caput</span> <span class='ocrx_word' id='word_1_152' title='bbox 1310 2555 1411 2630; x_wconf 86' lang='lat' dir='ltr'>item</span> <span class='ocrx_word' id='word_1_153' title='bbox 1419 2544 1647 2659; x_wconf 83' lang='lat' dir='ltr'>Philosophi</span> <span class='ocrx_word' id='word_1_154' title='bbox 1662 2552 1796 2660; x_wconf 82' lang='lat' dir='ltr'>ignoti.</span> <span class='ocrx_word' id='word_1_155' title='bbox 1824 2555 1897 2631; x_wconf 78' lang='lat' dir='ltr'>Se..</span> 
     </span>
     <span class='ocr_line' id='line_1_21' title="bbox 564 2653 1890 2766; baseline 0.002 -26"><span class='ocrx_word' id='word_1_156' title='bbox 564 2659 737 2741; x_wconf 87' lang='lat' dir='ltr'>cundum</span> <span class='ocrx_word' id='word_1_157' title='bbox 749 2664 920 2744; x_wconf 84' lang='lat' dir='ltr'>Romam</span> <span class='ocrx_word' id='word_1_158' title='bbox 938 2657 1044 2738; x_wconf 89' lang='lat' dir='ltr'>nulla</span> <span class='ocrx_word' id='word_1_159' title='bbox 1056 2663 1095 2738; x_wconf 92' lang='lat' dir='ltr'>in</span> <span class='ocrx_word' id='word_1_160' title='bbox 1114 2660 1227 2742; x_wconf 84' lang='lat' dir='ltr'>Italia</span> <span class='ocrx_word' id='word_1_161' title='bbox 1244 2659 1355 2762; x_wconf 89' lang='lat' dir='ltr'>urbs,</span> <span class='ocrx_word' id='word_1_162' title='bbox 1372 2683 1482 2739; x_wconf 83' lang='lat' dir='ltr'>tanta</span> <span class='ocrx_word' id='word_1_163' title='bbox 1501 2653 1766 2766; x_wconf 80' lang='lat' dir='ltr'>hujusnodisu</span> <span class='ocrx_word' id='word_1_164' title='bbox 1796 2659 1890 2742; x_wconf 87' lang='lat' dir='ltr'>elle-</span> 
     </span>
     <span class='ocr_line' id='line_1_22' title="bbox 562 2689 1890 2890; baseline -0.002 -37"><span class='ocrx_word' id='word_1_165' title='bbox 562 2770 650 2853; x_wconf 71' lang='lat' dir='ltr'>uile</span> <span class='ocrx_word' id='word_1_166' title='bbox 669 2772 813 2884; x_wconf 81' lang='lat' dir='ltr'>gaudet</span> <span class='ocrx_word' id='word_1_167' title='bbox 830 2799 947 2882; x_wconf 88' lang='lat' dir='ltr'>quarn</span> <span class='ocrx_word' id='word_1_168' title='bbox 965 2767 1203 2852; x_wconf 77' lang='lat' dir='ltr'>Florentino.</span> <span class='ocrx_word' id='word_1_169' title='bbox 1226 2776 1325 2853; x_wconf 92' lang='lat' dir='ltr'>Non</span> <span class='ocrx_word' id='word_1_170' title='bbox 1342 2772 1504 2851; x_wconf 86' lang='lat' dir='ltr'>enimin</span> <span class='ocrx_word' id='word_1_171' title='bbox 1519 2763 1600 2847; x_wconf 92' lang='lat' dir='ltr'>solo</span> <span class='ocrx_word' id='word_1_172' title='bbox 1618 2773 1756 2890; x_wconf 83' lang='lat' dir='ltr'>Magni</span> <span class='ocrx_word' id='word_1_173' title='bbox 1767 2689 1890 2851; x_wconf 65' lang='lat' dir='ltr'>buci&lt;</span> 
     </span>
    </p>
   </div>
   <div class='ocr_carea' id='block_1_2' title="bbox 560 2875 1879 3332">
    <p class='ocr_par' dir='ltr' id='par_1_4' title="bbox 560 2875 1879 3332">
     <span class='ocr_line' id='line_1_23' title="bbox 564 2875 1863 2993; baseline -0.004 -28"><span class='ocrx_word' id='word_1_174' title='bbox 564 2881 712 2993; x_wconf 82' lang='lat' dir='ltr'>Xysto,</span> <span class='ocrx_word' id='word_1_175' title='bbox 733 2887 838 2991; x_wconf 86' lang='lat' dir='ltr'>cujus</span> <span class='ocrx_word' id='word_1_176' title='bbox 858 2905 1134 2978; x_wconf 86' lang='lat' dir='ltr'>monumenta,</span> <span class='ocrx_word' id='word_1_177' title='bbox 1154 2888 1287 2964; x_wconf 86' lang='lat' dir='ltr'>omnia</span> <span class='ocrx_word' id='word_1_178' title='bbox 1331 2879 1522 2963; x_wconf 89' lang='lat' dir='ltr'>erorbem</span> <span class='ocrx_word' id='word_1_179' title='bbox 1541 2875 1863 2984; x_wconf 82' lang='lat' dir='ltr'>rnusaealuperant</span> 
     </span>
     <span class='ocr_line' id='line_1_24' title="bbox 562 2912 1866 3104; baseline 0.001 -33"><span class='ocrx_word' id='word_1_180' title='bbox 562 2988 627 3074; x_wconf 89' lang='lat' dir='ltr'>sed</span> <span class='ocrx_word' id='word_1_181' title='bbox 645 2997 766 3074; x_wconf 84' lang='lat' dir='ltr'>etiam</span> <span class='ocrx_word' id='word_1_182' title='bbox 781 2999 821 3073; x_wconf 91' lang='lat' dir='ltr'>in</span> <span class='ocrx_word' id='word_1_183' title='bbox 838 2991 982 3074; x_wconf 71' lang='lat' dir='ltr'>edibus</span> <span class='ocrx_word' id='word_1_184' title='bbox 998 2998 1231 3103; x_wconf 84' lang='lat' dir='ltr'>optimatum</span> <span class='ocrx_word' id='word_1_185' title='bbox 1251 2912 1366 3074; x_wconf 84' lang='lat' dir='ltr'>Urbis</span> <span class='ocrx_word' id='word_1_186' title='bbox 1379 2997 1590 3073; x_wconf 85' lang='lat' dir='ltr'>innumerae</span> <span class='ocrx_word' id='word_1_187' title='bbox 1609 3019 1710 3104; x_wconf 85' lang='lat' dir='ltr'>pene</span> <span class='ocrx_word' id='word_1_188' title='bbox 1728 3022 1866 3076; x_wconf 75' lang='lat' dir='ltr'>cornua</span> 
     </span>
     <span class='ocr_line' id='line_1_25' title="bbox 562 3102 1879 3216; baseline -0.003 -34"><span class='ocrx_word' id='word_1_189' title='bbox 562 3102 811 3207; x_wconf 80' lang='lat' dir='ltr'>rentstatuae,</span> <span class='ocrx_word' id='word_1_190' title='bbox 828 3108 958 3187; x_wconf 87' lang='lat' dir='ltr'>icones</span> <span class='ocrx_word' id='word_1_191' title='bbox 975 3128 1225 3209; x_wconf 73' lang='lat' dir='ltr'>marmorea,</span> <span class='ocrx_word' id='word_1_192' title='bbox 1242 3102 1527 3216; x_wconf 85' lang='lat' dir='ltr'>inscriptiones,</span> <span class='ocrx_word' id='word_1_193' title='bbox 1545 3102 1773 3216; x_wconf 82' lang='lat' dir='ltr'>anaglypha.</span> <span class='ocrx_word' id='word_1_194' title='bbox 1806 3109 1879 3183; x_wconf 66' lang='lat' dir='ltr'>lii:</span> 
     </span>
     <span class='ocr_line' id='line_1_26' title="bbox 560 3209 1869 3332; baseline -0.002 -37"><span class='ocrx_word' id='word_1_195' title='bbox 560 3212 832 3329; x_wconf 69' lang='lat' dir='ltr'>singularitatis</span> <span class='ocrx_word' id='word_1_196' title='bbox 842 3212 952 3298; x_wconf 84' lang='lat' dir='ltr'>causa</span> <span class='ocrx_word' id='word_1_197' title='bbox 967 3209 1229 3332; x_wconf 85' lang='lat' dir='ltr'>inscriptiones</span> <span class='ocrx_word' id='word_1_198' title='bbox 1240 3213 1445 3301; x_wconf 83' lang='lat' dir='ltr'>nonnullas</span> <span class='ocrx_word' id='word_1_199' title='bbox 1459 3214 1656 3326; x_wconf 80' lang='lat' dir='ltr'>elegantes</span> <span class='ocrx_word' id='word_1_200' title='bbox 1665 3212 1851 3297; x_wconf 79' lang='lat' dir='ltr'>adsertore</span> <span class='ocrx_word' id='word_1_201' title='bbox 1859 3251 1869 3283; x_wconf 66' lang='lat' dir='ltr'>a</span> 
     </span>
    </p>
   </div>
   <div class='ocr_carea' id='block_1_3' title="bbox 0 0 2180 5690">
    <p class='ocr_par' dir='ltr' id='par_1_5' title="bbox 0 0 2180 5690">
     <span class='ocr_line' id='line_1_27' title="bbox 0 0 2180 5690; baseline 0 0"><span class='ocrx_word' id='word_1_202' title='bbox 0 0 2180 5690; x_wconf 95' lang='lat' dir='ltr'> </span> 
     </span>
    </p>
   </div>
  </div>
 </body>
</html>
