4060 5700
135 544 179 603 ro
596 491 986 588 Dianam-Italicum.

136 634 310 716 Porcario
329 630 479 708 Abbate
491 629 649 733 jugulari
670 622 884 709 aSaraeenis
906 622 997 704 sunt.
1018 624 1360 735 Sigillumvidimus
1373 624 1449 705 fer-

137 770 240 824 reum
260 741 412 817 duorum
438 751 475 816 δι
499 735 643 813 dimidii
665 736 838 839 pollicum
856 736 1111 840 longitudine,
1131 737 1324 813 latitudine
1344 741 1445 841 polli-

140 856 192 930 cis
219 863 256 930 δέ
277 847 444 942 dimidii,
468 848 505 920 in
528 872 603 949 quo
622 845 806 921 Honorati
827 871 963 918 nomen
985 841 1180 950 sculptum.
1201 849 1361 921 Aiebant
1381 844 1446 948 ipsi

141 954 245 1039 fuisse
265 960 303 1036 in
321 955 398 1051 usu,
417 980 540 1030 verum
554 979 597 1028 ex
615 956 816 1029 litterarum
828 949 960 1048 sormi,
976 955 1091 1054 liquet
1105 981 1177 1029 non
1199 955 1373 1029 excedere
1384 980 1446 1028 an-

141 1095 207 1145 nos
228 1062 525 1171 quadringentos.
544 1064 588 1138 ln
599 1059 869 1138 bibliothecam
883 1058 1158 1138 conscendimus
1176 1065 1265 1140 olim
1284 1088 1447 1136 numero·

140 1175 317 1254 fishmam.
339 1169 533 1275 Supersunt
555 1169 742 1272 hodieque
759 1168 989 1275 manuscripti
1014 1168 1188 1273 quidam,
1209 1198 1282 1246 non
1304 1173 1353 1244 ita
1373 1196 1447 1242 ma·

142 1286 202 1389 gui
218 1282 338 1385 pretii,
351 1307 441 1383 quos
459 1282 627 1356 evolvere
641 1304 702 1381 per
718 1301 859 1383 tempus
872 1306 945 1354 non
962 1279 1078 1354 licuit:
1090 1304 1220 1384 magna
1231 1304 1322 1380 pars,
1333 1277 1461 1370 aiunt„

143 1390 324 1493 exportati
339 1388 432 1485 sunt,
448 1401 484 1466 δι
506 1389 590 1464 hinc
603 1384 687 1460 inde
698 1382 853 1490 dispersi.
866 1385 948 1461 Fuit
964 1390 1054 1464 olim
1067 1388 1144 1462 baec
1163 1387 1276 1460 insula
1295 1387 1450 1460 semina-

143 1499 237 1573 rium
256 1522 332 1570 non
352 1495 468 1571 modo
486 1494 694 1570 Sandorum
714 1505 750 1570 δι
765 1494 985 1596 Martyrum,
1007 1520 1133 1569 verum
1155 1495 1265 1568 etiam
1279 1495 1453 1568 litterato·

145 1633 242 1681 rum.
272 1606 353 1680 Hic
375 1603 599 1678 Hilarius&
621 1601 796 1676 Caesarius
818 1602 1056 1695 Arelatenhs,
1075 1602 1276 1677 Eucherius
1302 1596 1451 1703 Lugdu-

148 1714 288 1805 nensis,
308 1715 431 1816 Lupus
460 1706 700 1803 Tricastinos,
730 1709 948 1785 Vincentius
978 1710 1189 1803 Lirinenfis,
1211 1720 1246 1785 dt
1269 1709 1328 1781 alii
1361 1712 1452 1780 bene

146 1821 254 1895 multi
278 1820 362 1894 vitae
381 1817 595 1895 Christiana:
609 1814 863 1917 Alcetieaeque
884 1827 919 1894 &e
942 1818 1145 1891 litterarum
1169 1818 1300 1917 pariter
1321 1815 1455 1914 tyroci-

147 1927 209 2002 nia
231 1922 393 2029 posuere.
420 1923 645 2000 Excedentes
659 1947 701 1996 cx
715 1923 961 2018 MonasteriO,
984 1921 1145 1997 educunt
1164 1924 1264 1997 Prior
1285 1934 1320 1999 ἃ
1343 1920 1455 2022 aliqui

147 2033 350 2111 Monachi:
369 2036 405 2108 in
422 2034 568 2108 tranhtu
587 2029 707 2105 obiter
728 2031 919 2106 Ecclesiam
941 2032 1058 2106 Sansli
1083 2031 1270 2105 Honorati
1293 2053 1453 2103 veterem

147 2142 401 2246 inspeclamus,
416 2142 640 2241 antiquitate
659 2134 775 2211 solum
796 2136 1154 2212 commendabilem:
1172 2139 1280 2211 aliam
1300 2141 1389 2210 item
1412 2138 1452 2209 B.

150 2251 279 2328 Maria
297 2252 446 2323 nomine
465 2248 686 2352 insignitam.
699 2242 758 2318 Ad
773 2269 922 2345 puteum
942 2243 1029 2319 inde
1043 2243 1195 2335 ducunt,
1207 2248 1307 2342 cujus
1323 2269 1455 2344 aquam

149 2353 319 2431 curandis
329 2354 602 2430 infirmitatibus
612 2352 818 2425 mirabilem
830 2349 1041 2456 praedicant.
1055 2353 1235 2456 Vigesrma
1248 2353 1371 2425 celaia
1385 2352 1458 2424 Ge-

150 2491 257 2538 nuam
277 2463 489 2538 advenimus
512 2523 522 2556 ‚
547 2486 658 2562 quam
678 2458 805 2531 urbem
827 2486 900 2533 non
924 2462 973 2533 ira
992 2458 1117 2533 studiis
1138 2460 1262 2532 noslris
1279 2482 1456 2560 opportu-

151 2599 236 2646 nam
255 2568 397 2645 mature
422 2571 646 2671 linquimus,
662 2592 775 2665 arque
789 2572 894 2642 tertia
906 2569 988 2654 lulli
1010 2571 1172 2641 venimus
1188 2563 1455 2641 Mediolanum.

154 2748 1461 2783 W

621 2871 863 2956 CAPUT
940 2868 1004 2952 ll.

155 3042 379 3141 Bibliotheca
408 3039 649 3168 Ambrosiam
671 3037 987 3161 Mediolanrnfis,
1018 3039 1163 3169 ejusque
1189 3037 1321 3125 codices
1345 3042 1463 3123 varii.

219 3175 413 3301 Muscam
436 3183 568 3263 comitis
583 3172 824 3265 Mediolani
849 3202 905 3277 (y
930 3167 1093 3297 Septalae.
1123 3163 1278 3290 Eeclrfia
1301 3173 1339 3253 S.
1362 3176 1462 3254 Ant-

221 3305 338 3430 hrofii.
352 3300 563 3433 Sepulcrum
580 3314 728 3433 Pagasai
752 3302 793 3389 de
814 3314 925 3397 Petra
946 3306 1075 3388 santa.
1101 3293 1291 3388 Columna
1306 3293 1461 3422 inverse

223 3448 261 3525 in
295 3431 449 3558 Ecclefia
477 3443 514 3524 S.
536 3443 759 3537 Laurentii,
791 3440 949 3563 porticus
981 3436 1153 3559 antiqua.
1195 3423 1349 3545 Ecc'efia
1374 3429 1461 3509 Su*-

226 3578 408 3658 vitarum.
438 3572 567 3654 Crucis
589 3561 611 3652 d
637 3571 676 3652 S.
698 3560 876 3653 Barnalaa
899 3562 1024 3681 defixae
1044 3555 1149 3647 lucus.
1174 3556 1359 3688 lnssn'prr'o
1384 3561 1462 3640 Ln-

230 3699 351 3786 dovr'ci
374 3704 430 3787 X
440 3708 457 3781 l
468 3703 497 3782 I.
516 3690 769 3818 aliaGaJlonis
790 3701 911 3783 Foxii.
935 3699 973 3780 S.
994 3685 1198 3818 Apollonia
1226 3717 1345 3803 cantat.
1379 3692 1461 3772 Lu-

220 3827 369 3951 fimana
390 3834 431 3917 V
430 3836 506 3954 ugo
532 3826 684 3912 erudssta.
712 3819 934 3912 Bibliotheca
955 3828 1014 3913 D.
1036 3814 1237 3908 Belcreoldit
1257 3813 1462 3934 Tieineufis.

230 3966 293 4049 De
306 3953 461 4089 reliqniis
477 3962 514 4043 S.
529 3956 747 4084 Augustini,
758 3958 889 4046 Ticini
901 3989 942 4043 ut
954 3951 1104 4086 quidam
1118 3951 1289 4073 astruant
1306 3953 1461 4075 repertis.

210 4182 248 4256 N
262 4208 437 4282 ertu
449 4207 503 4255 rs
521 4179 579 4255 die
602 4180 880 4256 Ambrosianam
904 4178 1172 4255 Bibliothecam
1194 4169 1336 4247 adimus
1352 4182 1386 4245 dr
1402 4171 1462 4245 Cl.

164 4193 260 4385 IV.
281 4289 483 4362 Antonium
502 4290 774 4380 hluratorium,
791 4315 833 4363 ex
855 4285 1040 4393 praecipuis
1058 4281 1261 4357 custodibus
1287 4281 1462 4372 alterum,

168 4402 317 4503 quicum
339 4398 431 4469 mihi
449 4396 639 4496 epistolaris
659 4391 886 4471 familiaritas
907 4389 1176 4471 &necessitudo
1197 4384 1460 4477 intercedebat,

167 4511 425 4611 amplexamur.
446 4503 478 4575 ls
494 4529 620 4575 omnes
639 4500 776 4606 semper
788 4502 996 4607 posthabuit
1009 4527 1060 4573 res
1081 4526 1119 4572 ur
1132 4496 1317 4572 interviret
1335 4491 1464 4565 nostris

167 4617 289 4691 ssudiis
301 4647 308 4688 :
322 4622 357 4687 δέ
376 4607 474 4713 quod
495 4604 653 4686 maximi
667 4608 763 4686 cordi
778 4636 864 4705 crat,
886 4609 1035 4685 liberam
1049 4604 1276 4683 visendorum
1291 4597 1462 4674 codicum

168 4726 311 4830 copiam
325 4712 429 4797 fecit.
457 4718 518 4797 Est
535 4718 768 4800 Bibliotheca
785 4718 1024 4799 Ambrosiam
1041 4712 1233 4795 aedificium
1251 4703 1385 4818 grande
1397 4704 1462 4782 :ab
