4414 5692
412 486 487 587 326
874 461 1066 557 niarium
1091 462 1290 560 Italicum.
1385 492 1388 498 ’

415 592 602 672 stolorum
622 588 729 670 Petri
747 596 787 669 &
805 588 913 670 Pauli
935 656 946 690 ,
971 614 1088 709 atoue
1117 590 1208 670 loeo
1234 593 1288 674 lili
1316 592 1419 677 serici
1438 601 1603 712 pellicea
1623 605 1742 721 ligula

413 701 590 783 adhibita
612 700 696 782 cst:
723 726 808 779 eam
832 699 896 780 liic
920 706 1095 811 prolerre
1127 698 1254 783 visum.

364 964 388 999 „
416 926 600 1143 LEO
627 917 858 1033 Episcopus,
889 916 1014 1001 servus
1036 919 1230 1002 servorum
1251 929 1351 1030 Dei,
1385 932 1571 1016 Ricberio
1593 939 1738 1024 Abbati

362 1072 388 1110 „

521 1036 744 1116 Monallerii
761 1037 794 1112 S.
814 1032 1008 1113 Benedieli
1026 1100 1037 1135 ,
1054 1034 1160 1144 quod
1177 1042 1334 1146 ponitur
1350 1045 1388 1119 in
1407 1071 1541 1129 monte
1562 1050 1703 1130 Casino
1723 1120 1735 1156 ,

363 1184 387 1219 „
413 1149 559 1253 tuisque
582 1140 848 1224 successoribus
867 1167 1094 1255 perpetuam
1114 1151 1153 1222 in
1173 1147 1532 1237 Dominosalutem.
1563 1162 1735 1244 Credita

362 1295 386 1330 „
412 1253 677 1367 speculationis
706 1255 940 1367 impellimur
960 1284 1080 1355 cura,
1098 1261 1214 1336 etiam
1234 1259 1375 1342 ardore
1396 1266 1625 1350 Christianae
1645 1273 1732 1353 reli-

361 1406 386 1440 „
411 1372 532 1446 <rionis
553 1434 563 1466 ,
590 1376 628 1446 ἅ
646 1366 771 1445 studio
790 1366 908 1445 divini
929 1365 1052 1445 cultris
1069 1396 1347 1479 promovemur
1365 1403 1437 1485 pro
1457 1380 1733 1464 venerabilium

360 1517 385 1551 „
410 1438 588 1557 locorum
635 1482 849 1589 ercogitare
868 1476 1072 1560 stabilitate
1092 1541 1103 1573 ,
1120 1507 1237 1590 atque
1257 1485 1350 1563 Deo
1369 1483 1613 1572 servientium
1632 1488 1732 1575 secu.

359 1627 384 1665 „
410 1593 543 1689 ritate3
561 1507 688 1669 utlioc
724 1596 948 1670 coveniente
960 1618 1030 1700 pro
1043 1588 1394 1692 labore,&anima·
1406 1599 1730 1711 Clrristodicatae,

358 1739 384 1774 „
409 1729 493 1810 quse
511 1697 546 1780 se
563 1700 616 1779 illi
635 1619 871 1781 diebusvitae
888 1696 958 1779 lua:
975 1698 1174 1781 servituras
1193 1703 1471 1812 decreverunt,
1488 1709 1732 1823 perseverent

357 1849 383 1891 „
408 1810 724 1922 imperturbatae3
746 1841 900 1893 necnon
928 1821 968 1892 ἃ
994 1812 1059 1891 illa
1079 1839 1262 1894 maneant
1288 1816 1484 1901 finetenus
1499 1822 1631 1929 firma,
1646 1857 1731 1938 qua·

357 1960 382 1997 „
408 1923 429 2000 ri
449 1922 670 2003 Christianis
692 1928 732 2002 in
749 1927 829 2004 Dei
848 1923 962 2002 laude
980 1929 1220 2005 contradata
1239 1924 1332 2009 sunt.
1412 1937 1474 2011 uia
1498 1938 1615 2046 igitur
1634 1968 1728 2018 con-

356 2072 381 2108 „
406 2033 479 2114 stat
497 2034 774 2116 Monasterium
785 2031 994 2145 Jerusalem
1015 2103 1026 2136 ‚
1053 2036 1297 2147 quodetiam
1318 2041 1460 2122 dicitur
1478 2044 1610 2125 sinoce
1629 2052 1729 2129 Cru-

355 2184 380 2220 „
406 2150 457 2224 cis
478 2209 487 2240 ‚
507 2147 584 2253 jam
609 2146 735 2258 elapso
762 2172 939 2258 tempore
964 2154 1307 2258 acongrcvatione
1332 2154 1622 2238 Monacliorum
1647 2164 1728 2242 Dei

353 2295 380 2335 „
406 2255 473 2334 tali
493 2256 582 2336 loco
603 2282 850 2369 competente
870 2255 1040 2361 vacasse,
1060 2216 1277 2339 &sollicito
1295 2262 1603 2378 nullipraepolito
1614 2274 1654 2349 in
1664 2299 1724 2373 eo,

355 2407 379 2444 ι,
405 2392 471 2447 aut
493 2368 697 2449 Monaclris
721 2368 981 2449 babitantibus
999 2369 1187 2450 traditum
1208 2417 1218 2474 3
1249 2381 1415 2482 permoti
1436 2378 1599 2488 proinde
1617 2410 1725 2461 corn-

353 2519 379 2554 „
403 2479 566 2591 pallione
586 2485 683 2559 tanti
704 2480 841 2591 piaculi
862 2508 935 2582 ,ac
955 2479 1141 2592 compulsi
1159 2482 1297 2564 dolore
1317 2553 1327 2586 ,
1352 2487 1576 2597 Apostolica
1594 2496 1725 2572 audo-

353 2631 377 2665 „
405 2597 517 2674 ritate
549 2591 784 2702 providimus
818 2589 1056 2672 ll‘lonasterio
1085 2590 1155 2670 tibi
1176 2593 1373 2674 commisso
1401 2597 1504 2679 idem
1525 2602 1725 2686 Monaste-

352 2743 376 2778 „
404 2707 501 2783 rium
521 2699 662 2784 sociare
684 2772 694 2804 ‚
725 2707 900 2813 quatinus
918 2731 941 2781 a
962 2697 1135 2814 praesenti
1154 2698 1320 2785 secunda
1340 2709 1578 2815 indidione,
1606 2739 1723 2825 atque

352 2854 375 2892 υ
402 2817 440 2892 in
461 2832 714 2925 perpetuum(
732 2816 780 2896 lie
800 2823 809 2913 l
827 2842 850 2894 a
869 2840 929 2914 te,
950 2810 1096 2925 tuisque
1113 2809 1377 2898 suecessoribus
1396 2851 1482 2901 cum
1506 2823 1723 2906 tibiomni-

351 2964 375 3002 „
403 2923 469 3003 bus
487 2930 527 3005 in
543 2931 695 3038 integro
716 2923 993 3033 subjacentibus
1011 2922 1256 3038 disponatur,
1277 2956 1394 3039 atque
1415 2962 1503 3011 cum
1517 2938 1595 3015 Dei
1612 2940 1724 3016 timo-

349 3076 374 3112 „
401 3064 442 3116 re
462 3063 616 3148 regatur
640 3045 707 3138 ,ἃ
727 3039 851 3118 vestro
870 3039 1115 3146 eonjunelum
1132 3033 1299 3119 liibfistat
1319 3043 1557 3124 Monasterio
1577 3092 1587 3148 5
1607 3051 1660 3127 ita
1680 3074 1723 3128 ut

351 3189 375 3221 „
402 3152 440 3225 in
457 3150 596 3229 eodem
619 3148 827 3229 venerabili
847 3148 935 3229 loeo
955 3152 1133 3229 Domino
1152 3153 1243 3231 Deo
1255 3152 1386 3231 nostro
1407 3154 1539 3236 laudes
1556 3154 1723 3240 exsolve-

351 3300 376 3334 „
403 3286 442 3338 re
462 3258 644 3339 debeatis.
665 3260 826 3340 Nullam
847 3290 913 3339 vos
930 3265 1121 3339 rationem
1140 3261 1281 3341 exinde
1301 3263 1362 3343 vel
1379 3271 1423 3345 ei
1456 3268 1720 3373 eminentibus

352 3411 376 3444 „
402 3369 466 3448 nili
490 3366 556 3449 soli
578 3376 669 3452 Deo
686 3438 696 3471 ‚
716 3399 761 3451 ac
780 3370 915 3449 nostrae
936 3375 1152 3450 audoritati
1174 3370 1395 3455 solvendam
1414 3294 1620 3459 llatuimus.
1649 3384 1721 3460 Fa-

352 3523 375 3557 „
403 3478 507 3559 brica
525 3487 664 3581 etiarn,
684 3478 746 3563 seu
764 3480 1054 3560 luminariorum
1077 3486 1602 3569 concinnatioindifferenter
1614 3490 1722 3573 vobis

353 3633 377 3667 „
403 3590 477 3673 line
495 3592 612 3670 dubio
632 3592 924 3703 procurantibus
938 3593 1134 3673 efficiatur.
1162 3593 1284 3673 Nulla
1298 3598 1461 3705 proinde
1474 3596 1720 3682 inexlolven-

354 3745 378 3780 „
403 3702 459 3780 dis
479 3706 569 3785 Deo
589 3703 791 3805 laudibus,
822 3703 882 3784 vel
906 3707 945 3781 in
965 3702 1173 3783 luminariis
1202 3710 1479 3788 concinnandis
1500 3741 1611 3791 mora
1629 3743 1720 3825 pro-

354 3856 377 3889 „
403 3819 552 3893 veniat:
575 3811 638 3896 led
664 3815 808 3897 devota
834 3815 1047 3895 sinceritate
1067 3842 1251 3927 peragere
1272 3814 1477 3925 festinare,
1503 3851 1552 3903 ne
1573 3853 1641 3935 per
1661 3829 1718 3903 in.

352 3965 375 4000 η
403 3951 519 4004 cauta
541 3925 690 4006 delidiae
709 3925 860 4037 culpam
879 3926 1011 4035 judicii
1032 3956 1098 4004 vos
1119 3924 1236 4007 futuri
1257 3955 1379 4011 metus
1400 3938 1606 4013 concutiat.
1642 3938 1716 4015 Po.

349 4077 372 4112 „
400 4041 471 4116 tius
492 4036 692 4120 elaborare
713 4036 860 4119 studete
884 4105 894 4138 ,
924 4062 966 4115 ur
983 4038 1112 4115 divina
1132 4037 1307 4149 placetur
1326 4042 1451 4122 vestro
1471 4069 1613 4123 conatu
1645 4045 1722 4127 cle-

346 4188 369 4224 „
400 4154 574 4248 mentia,
601 4148 783 4259 polbtque
806 4176 961 4227 manere
982 4148 1059 4227 hoc
1079 4217 1089 4250 ,
1111 4150 1260 4259 quoda
1281 4152 1390 4232 nobis
1409 4154 1504 4262 julla
1526 4155 1716 4235 delibera-

346 4299 369 4333 „
400 4265 502 4343 tione
525 4258 724 4340 decretum
742 4258 796 4340 est
813 4257 946 4338 suturis
961 4256 1180 4342 inconvulse
1193 4263 1456 4375 perpetuisque
1469 4266 1716 4377 temporibus.

346 4410 370 4443 „
399 4368 649 4451 Consecratio
659 4395 790 4453 tamen
810 4370 971 4449 Abbatis
989 4371 1065 4450 loci
1078 4373 1198 4482 ipsius,
1210 4402 1232 4451 a
1244 4374 1349 4453 vobis
1362 4371 1569 4455 secundum
1583 4380 1716 4458 Deum

346 4520 369 4553 „
397 4477 687 4592 elecli‚semper
707 4486 927 4591 expedetur
948 4510 971 4560 a
996 4482 1123 4561 nostra
1143 4484 1365 4593 Apostolica
1388 4482 1475 4567 sede
1496 4556 1505 4588 ,
1525 4486 1591 4566 sub
1612 4491 1715 4594 cujus

347 4631 370 4664 „
395 4589 528 4668 existat
549 4595 642 4701 jure.
686 4596 884 4673 Numerus
912 4616 1042 4672 autem
1062 4596 1349 4675 Monaclrorum
1373 4596 1518 4678 ibidem
1537 4603 1714 4678 Domino

349 4742 371 4776 „
396 4698 816 4809 serviturorunr‚tantus
829 4699 975 4816 semper
986 4702 1122 4785 existat
1133 4732 1297 4817 quantus
1309 4703 1516 4789 secundum
1530 4711 1603 4789 loci
1614 4703 1718 4820 posse
