4422 5692
880 525 1005 642 Caput
1023 514 1211 606 decimum
1232 512 1427 641 quintum.
1727 559 1814 642 ²09

534 639 654 723 versus
672 640 923 722 Hinemarum
942 636 1194 721 Rhemensem
1212 637 1380 720 Nicolao
1394 641 1516 751 primo
1534 642 1720 747 obtulit‚a
1734 680 1810 759 quo

532 766 572 831 b:
599 757 637 830 in
656 747 780 831 sedem
797 746 992 825 restitutus.
1017 751 1062 825 ln
1078 745 1222 855 templo
1240 747 1327 825 liuic
1347 750 1499 848 vicino,
1525 753 1558 831 S.
1584 756 1811 837 Constantia

534 864 689 937 nomine
706 921 717 953 ,
735 852 924 963 singularis
941 859 1076 933 veteris
1093 851 1225 961 templi
1243 859 1439 933 numinum
1447 854 1569 937 forma
1579 859 1810 971 conspicitur:

534 965 638 1074 quod
658 1028 669 1062 ‚
688 963 713 1041 s1
732 959 885 1069 quidem
903 986 949 1040 ex
976 960 1054 1040 aliis
1077 966 1339 1041 Romanorum
1370 963 1598 1073 templorum
1618 969 1811 1051 ruderibus

535 1100 616 1152 rem
634 1070 812 1149 aestimare
834 1066 981 1167 faseli,
1000 1095 1078 1146 non
1093 1067 1143 1146 ad
1161 1071 1376 1175 primaevam
1395 1069 1810 1157 illamllorentilsunam.

534 1206 607 1287 que
624 1177 928 1256 architeoonices
942 1199 1092 1254 atatem
1107 1178 1294 1282 pertinere
1311 1176 1441 1282 potest.
1458 1182 1562 1260 Nam
1574 1184 1733 1290 quodex
1749 1192 1815 1267 Vi.

535 1290 658 1364 truvio
673 1289 812 1394 pariter
829 1291 869 1364 bc
887 1308 933 1362 ex
951 1282 1114 1387 reliquiis
1131 1280 1359 1389 templorum
1378 1284 1604 1396 vestigiisque
1621 1290 1809 1402 cognosci.

535 1419 596 1471 tur
614 1395 870 1499 ‚antiquiores
891 1389 946 1467 illi
963 1386 1152 1487 artifices,
1175 1410 1216 1464 ut
1238 1394 1436 1468 aeternitati
1464 1393 1713 1499 laborabant,
1733 1431 1809 1480 non

533 1501 720 1598 fornices,
738 1527 815 1577 non
832 1521 986 1605 magnas
1002 1494 1121 1573 moles
1138 1494 1319 1573 columnis
1338 1502 1417 1574 unis
1432 1496 1640 1582 fundabant
1651 1573 1661 1603 ,
1672 1504 1731 1585 sed
1748 1513 1809 1586 ad.⁴

534 1614 645 1688 motis
666 1604 892 1685 crassioribus
909 1602 1167 1787 pilis,partem
1177 1607 1372 1682 minimam
1382 1608 1808 1711 operis&sornicisaco-

533 1717 667 1794 lumnis
685 1711 806 1792 fulciri
822 1736 911 1788 cura
939 1732 1014 1787 aut.
1059 1712 1112 1789 Ex
1138 1708 1318 1816 capitellis
1342 1715 1433 1789 item
1453 1714 1722 1825 zophorilque,
1749 1753 1809 1800 m,

533 1825 640 1902 diore
656 1846 769 1899 manu
785 1815 1010 1915 elaboratis,
1028 1810 1234 1921 sequiorem
1248 1841 1397 1895 aetatem
1415 1827 1610 1928 arguimus.
1629 1828 1807 1905 Proximis

533 1926 668 2008 seculis
685 1923 872 2034 magnifici
890 1926 974 2002 atrii
999 1921 1111 2001 ovatd
1127 1920 1276 2021 forma,
1300 1923 1482 2002 columnis
1504 1926 1698 2032 decorati,
1725 1936 1802 2013 reli.

534 2042 627 2145 quiae
643 2033 886 2142 supererant,
908 2055 1065 2137 quarum
1084 2056 1132 2108 ne
1151 2028 1344 2139 vestigium
1361 2030 1487 2111 hodie.
1515 2036 1807 2144 Reliqua,utse-

533 2144 702 2253 pulcrum
712 2139 863 2239 Bacchi,
869 2142 1017 2249 pistura
1027 2140 1188 2246 antiqua:
1203 2135 1418 2247 similiaque,
1424 2135 1622 2222 sexcenties
1631 2149 1809 2228 recensita

533 2251 625 2330 lunt.

582 2362 688 2438 Pone
714 2352 872 2436 sanstam
895 2356 1115 2463 Agnetem‚
1145 2356 1404 2433 coemeterium
1432 2351 1577 2434 vulvari
1598 2360 1810 2470 eodemque

532 2494 607 2575 quo
626 2462 731 2575 supra
751 2468 1039 2543 memoravimus
1056 2465 1132 2539 ritu
1152 2460 1287 2538 visitur.
1305 2467 1448 2540 Verum
1464 2459 1501 2540 su
1531 2473 1689 2546 terranei
1709 2497 1803 2547 mcu-

532 2598 590 2652 tus
604 2602 680 2652 non
692 2569 822 2681 procul
839 2570 1036 2668 adeuntur,
1050 2563 1099 2647 de
1115 2564 1293 2645 industria
1302 2566 1448 2647 occlufi.
1467 2571 1670 2650 Consilium
1683 2577 1808 2653 occlu-

533 2682 646 2761 deudi
668 2676 766 2757 casus
781 2681 903 2785 juvit,
926 2701 1013 2754 nam
1032 2672 1160 2753 multae
1175 2667 1311 2751 semitae
1329 2738 1340 2771 ,
1357 2671 1492 2784 dilapsa
1512 2675 1629 2756 humo
1649 2745 1659 2777 ,
1679 2679 1809 2788 sponte

532 2790 674 2867 obrute
691 2783 780 2865 sum.
816 2788 902 2865 Nec
920 2780 1220 2891 praetereundum
1239 2779 1403 2880 silentio,
1419 2787 1457 2859 in
1476 2778 1718 2878 subterraneis
1741 2789 1805 2865 liu.

531 2891 688 3001 jusmodi
707 2890 877 3000 sepulcris
897 2915 1181 2996 nonnumquam
1201 2913 1399 2967 occurrere
1413 2892 1592 2997 imagines
1608 2894 1806 3001 Apostolo-

530 3030 612 3081 rum
630 3068 639 3101 ‚
659 2997 861 3104 cujusmodi
879 3023 898 3075 e
915 2994 1080 3105 sepulcro
1097 2994 1269 3074 educltam
1289 3021 1374 3072 cum
1385 2993 1595 3075 Mediolani
1604 3024 1809 3107 ageremus

532 3111 689 3187 vidimus
707 3104 1000 3213 &expressimus
1020 3101 1183 3182 Similem
1194 3125 1283 3179 acce
1311 3105 1322 3178 i
1340 3104 1473 3181 Romae
1487 3106 1636 3182 iconem
1653 3111 1685 3184 S.
1697 3111 1807 3205 Petri.

535 3244 611 3292 non
630 3219 680 3291 im
709 3218 801 3291 erite
820 3276 831 3309 ,
848 3209 957 3318 anagl
986 3209 1050 3317 phi
1070 3234 1176 3286 more
1192 3271 1204 3306 ‚
1222 3128 1424 3314 sculptam,
1439 3215 1652 3316 permixtim
1664 3242 1748 3290 cum
1760 3228 1807 3292 ol.

534 3321 626 3399 sibus·
646 3241 845 3397 Cluuiam
865 3238 1052 3421 cujuslam
1068 3308 1348 3423 deprehensam.
1362 3314 1424 3392 Ad
1445 3308 1519 3393 offis
1538 3343 1626 3396 vero
1637 3320 1808 3414 mulieris„

535 3432 657 3506 mariti
672 3421 835 3531 ejusdem
852 3422 1070 3532 plumbeum
1084 3444 1196 3531 caput
1215 3425 1408 3500 inventum
1427 3421 1614 3532 est,quod
1629 3432 1719 3506 irem
1731 3458 1800 3507 nit-

534 3564 620 3614 cum
640 3539 768 3614 Roma
785 3531 914 3612 detuli.

586 3647 614 3724 Ε
630 3646 782 3751 regione
801 3664 881 3719 erat
896 3703 907 3736 ,
925 3637 983 3717 vii
1004 3636 1124 3716 soliun
1138 3636 1358 3715 intermedii
1379 3636 1555 3735 ,ecclesia
1575 3643 1607 3717 S.
1626 3642 1808 3717 Nicome-

535 3751 616 3848 dis,
638 3752 739 3853 cujus
760 3775 807 3825 ne
822 3746 963 3855 sgnum
982 3744 1107 3824 hodie.
1135 3744 1268 3823 Multae
1278 3770 1441 3849 namque
1461 3769 1602 3822 veteres
1611 3746 1772 3824 ecelesiae
1788 3774 1811 3823 a

535 3855 771 3966 scriptoribus
782 3853 1102 3951 niemoratae,s1ve
1115 3850 1416 3959 populationibus
1426 3849 1534 3928 Urbis
1543 3850 1810 3957 frequentibus,

533 3964 607 4043 five
622 3962 760 4041 casibus
775 3964 881 4037 variis
898 3959 1029 4035 dirutae
1048 3954 1137 4036 sunt.

585 4077 608 4149 s
632 4100 653 4150 t
677 4100 703 4148 n
725 4100 757 4149 m
781 4098 792 4143 1
816 4094 841 4144 u
866 4097 876 4142 1
900 4097 928 4145 u
949 4093 962 4143 s
997 4071 1033 4145 V
1055 4091 1082 4144 n
1100 4094 1124 4143 c
1142 4092 1166 4146 c
1182 4094 1222 4143 a.
1257 4066 1415 4170 Propter
1434 4060 1592 4144 sanciam
1619 4072 1805 4165 llqnetem
1830 4104 1850 4139 ‹-

533 4203 638 4258 extra
656 4202 805 4285 portam
823 4177 927 4251 Piam
944 4238 955 4271 ,
972 4173 1153 4251 memoria
1168 4171 1249 4248 meri
1275 4170 1428 4246 detesto
1452 4167 1533 4249 sunt
1557 4154 1693 4281 crypta
1713 4175 1806 4251 bene
1829 4214 1851 4246 r.

533 4286 687 4381 multa,
719 4280 916 4360 altitudine
933 4278 1126 4375 bumana,
1150 4276 1345 4352 latitudine
1371 4281 1534 4385 quinque
1565 4280 1774 4387 palmorum
1795 4346 1804 4369 ,
1829 4318 1850 4350 r.

533 4393 783 4498 undequaque
799 4391 1017 4467 marmoreis
1033 4381 1324 4463 tabulisvestitae.
1353 4386 1491 4488 Neque
1511 4391 1547 4462 in
1567 4409 1731 4464 mentem
1751 4382 1803 4460 su.
1830 4428 1849 4456 ι.

536 4500 590 4576 bit
607 4504 666 4576 cui
682 4496 771 4574 olim
790 4493 864 4572 ului
878 4492 1024 4572 fuerint.
1045 4491 1128 4571 Istic
1138 4489 1212 4568 ossa
1221 4511 1367 4595 reperta
1377 4484 1526 4587 sunt‚&
1542 4492 1693 4597 quidem
1703 4497 1805 4569 Mar-
1829 4540 1850 4562 ..

535 4630 659 4712 tyrum
675 4669 685 4691 .
701 4630 741 4681 uz
762 4600 982 4681 diclitabant
1005 4667 1015 4699 ,
1036 4606 1097 4708 qui
1122 4622 1366 4704 tyrannorum
1386 4621 1489 4673 metu
1516 4600 1569 4672 los
1588 4596 1736 4674 latebris
1757 4600 1804 4673 ui}
1831 4635 1847 4665 ι·

529 4713 689 4794 stactam.

1592 4811 1629 4888 D
1645 4810 1667 4887 d
