4264 5684
386 464 462 531 roo
835 427 1014 517 Dio-ium
1041 420 1224 520 Indicum.

614 566 712 665 capno
728 559 847 631 animo
870 587 938 667 poa
955 564 1021 640 Dei
1031 560 1120 663 finit
1136 557 1358 641 meditabatur

617 693 689 770 qno
706 669 982 775 incorruptionem
1002 667 1198 772 consequuta
1218 678 1268 745 cci

618 775 703 878 qnia
715 770 816 877 fugit
837 782 1020 883 imperinm
1030 780 1168 883 pcccati.

619 883 693 955 Hic
710 899 778 952 crat
796 907 957 954 antrorum
975 889 1105 958 circiter
1124 881 1296 980 undecim,

606 987 768 1089 βωμία,
780 984 951 1077 liberalis,
967 989 1167 1093 monosticon.

549 1105 674 1201 Qun
691 1091 834 1193 Istocine
849 1098 905 1169 ille
931 1103 988 1200 qni
1007 1125 1147 1200 niagnns
1166 1097 1340 1176 exarchus

548 1204 659 1277 Rebas
672 1202 773 1303 gistis
792 1203 1010 1309 comprobatos
1027 1213 1079 1277 esst
1096 1205 1290 1283 italicorum
1308 1205 1516 1285 cxctcicnnno

550 1310 670 1389 flovit
684 1332 790 1380 amare
816 1333 859 1381 tx
880 1310 1150 1396 bannoneriis,

549 1421 633 1522 Q?
648 1434 785 1519 procons
806 1420 945 1520 quidem
964 1426 1039 1528 ejus
1055 1437 1142 1504 croc,

546 1534 569 1595 S
572 1528 615 1601 cd
629 1520 754 1624 viscera
764 1526 900 1627 paterni
915 1521 1053 1632 crffedis
1067 1552 1142 1632 erga
1161 1522 1269 1636 ipficm
1285 1527 1433 1636 gerebat.

441 1732 580 1811 Primus
595 1756 715 1806 autem
735 1729 854 1808 versus
873 1736 1052 1840 epitaphii
1076 1736 1239 1836 excidit,
1259 1744 1296 1818 in
1315 1771 1391 1844 quo
1412 1742 1558 1819 videtur
1578 1737 1682 1822 fuisse

387 1844 486 1947 pueri
511 1864 658 1917 nomen.
696 1841 735 1915 ln
752 1835 879 1915 eadem
900 1846 952 1917 D.
977 1841 1123 1918 Danesri
1153 1844 1267 1924 domo
1290 1850 1457 1926 visuntur
1478 1849 1684 1953 inscriptio-

383 1978 445 2027 nes
464 1950 541 2025 alin
564 1953 775 2053 elegantes,
802 1975 953 2049 quarum
978 1954 1172 2027 nonnullas
1191 1956 1368 2061 exscripfi.
1413 1959 1612 2064 Singularis
1633 1961 1682 2034 cst

383 2058 504 2135 Marci
520 2056 659 2131 Aurelii
679 2053 870 2132 Theodoti
892 2048 1066 2146 infantis,
1084 2058 1121 2132 in
1140 2086 1214 2162 qua
1233 2058 1417 2169 descriptis
1439 2064 1484 2139 de
1501 2090 1603 2139 more
1620 2067 1682 2140 lit.

386 2167 468 2239 teris
498 2166 548 2239 D.
568 2163 625 2236 M.
650 2162 773 2237 subtus
793 2166 940 2267 ponitur
968 2168 1065 2267 pueri
1089 2189 1200 2269 caput
1229 2179 1264 2245 δι
1284 2170 1342 2244 hic
1368 2184 1405 2249 δι
1424 2169 1508 2246 inde
1535 2198 1677 2269 manus,

381 2269 462 2376 post
500 2266 659 2372 sequitur
691 2269 913 2375 inscriptio,
938 2296 1052 2371 quam
1086 2271 1148 2347 bic
1176 2274 1417 2370 exhibemus,
1441 2302 1527 2381 typo
1551 2274 1679 2353 addito

383 2375 548 2452 rotunda
567 2372 732 2474 ejusdem
753 2381 800 2455 cl.
821 2375 968 2455 Danesri
990 2406 1090 2453 urnae
1111 2404 1155 2452 ex
1180 2406 1360 2458 marmore
1382 2388 1535 2478 Crem,
1554 2384 1679 2459 altitu-

379 2480 468 2557 dine
485 2482 604 2588 pedali
629 2509 713 2559 eum
731 2488 903 2585 operculo
920 2482 1083 2584 ejusdem
1102 2488 1284 2580 materia,
1302 2488 1364 2564 ubi
1396 2491 1509 2567 ludus
1529 2490 1677 2594 fingula·

380 2592 430 2666 ris
450 2591 683 2696 exprimitur,
707 2594 805 2690 cujus
825 2590 917 2667 mihi
936 2619 1061 2699 rogatu
1085 2592 1151 2668 viti
1170 2597 1254 2667 clar.
1272 2596 1420 2673 Danesri
1434 2658 1444 2694 ,
1458 2599 1603 2703 copiam
1623 2592 1678 2673 fe·

379 2700 435 2776 cit
459 2698 626 2774 laudatus
641 2700 695 2774 vir
714 2698 947 2773 amicissimus
967 2699 1056 2774 mihi
1075 2698 1345 2778 columbanus.

436 2807 514 2880 Die
529 2804 750 2909 Septembris
774 2806 882 2881 tertia
903 2808 953 2883 D.
971 2806 1203 2882 franciscum
1229 2806 1407 2916 Negrium
1423 2811 1670 2888 Ravennensrs

377 2910 568 3012 eujusdam
586 2911 740 2988 eeclefiae
760 2933 927 3003 curatum,
949 2938 991 2988 ut
1010 2915 1472 3001 vocant‚iuvis1mus:erat
1494 2921 1553 2995 illc
1569 2918 1674 2996 senex

378 3021 434 3093 vir
454 3019 572 3095 bonus
593 3032 627 3097 ἃ
646 3016 832 3113 candidus,
852 3018 924 3094 slnc
942 3018 1030 3095 fuco
1050 3017 1257 3097 &fallaciis
1276 3052 1378 3099 more
1397 3025 1598 3124 majorum:
1612 3030 1673 3129 qui

377 3121 440 3199 din
463 3129 705 3231 peregrinatus
727 3127 962 3230 maximeque
982 3130 1020 3202 in
1041 3125 1390 3228 Septentrionalibus
1411 3134 1671 3237 plagis‚‘ititre-

375 3237 509 3309 tarium
523 3259 565 3307 ac
578 3230 858 3331 descriptionem
873 3258 1058 3336 paraverat
1072 3235 1216 3309 illarum
1234 3240 1442 3341 regionum,
1457 3265 1569 3338 quam
1584 3265 1671 3314 cum

377 3341 470 3442 typis
489 3338 573 3414 dare
589 3333 749 3443 roepiss'et
770 3339 958 3416 exstinnus
982 3339 1112 3415 morbo
1130 3339 1189 3413 est.
1228 3343 1260 3415 Is
1283 3350 1319 3417 in
1340 3346 1448 3418 hotto
1469 3344 1532 3417 suo
1553 3342 1672 3420 rosam

373 3447 542 3520 arborem
558 3443 769 3519 ostendebat
786 3448 822 3521 in
840 3452 943 3547 cujus
963 3473 1148 3522 ramorum
1165 3448 1295 3524 umbra
1314 3450 1477 3524 homines
1492 3456 1571 3549 plus
1586 3477 1670 3553 qua·

375 3550 543 3657 draginta
565 3551 749 3631 eonbsterc
771 3551 941 3655 possunt:
968 3553 1134 3629 strobilos
1167 3555 1255 3628 irem
1286 3552 1452 3632 {estuabat
1482 3556 1539 3629 sen
1564 3560 1670 3660 pinca

374 3686 507 3762 poma,
522 3685 564 3733 cx
581 3684 734 3762 quornm
752 3658 961 3739 meditullio
979 3659 1188 3767 emergebat
1207 3661 1365 3739 surculus
1384 3664 1442 3737 cui
1458 3664 1519 3737 alii
1534 3659 1669 3741 strobili

375 3764 515 3841 adnati.

432 3873 534 3948 Hinc
560 3869 605 3946 ad
627 3873 797 3947 Domum
820 3870 879 3948 scu
900 3870 1148 3950 cathedralem
1170 3882 1381 3985 pergimus,
1408 3876 1473 3952 ubi
1496 3873 1666 3981 quaedam

377 3976 568 4054 observatu
587 3980 709 4083 digna.
742 3979 839 4083 Apsus
864 3981 1002 4055 musivo
1021 4010 1151 4084 opere,
1174 3986 1278 4088 quod
1295 3987 1497 4063 ornamenti
1515 4010 1626 4089 genus
1647 3982 1667 4059 ‘a

380 4087 519 4160 Graecis
543 4083 588 4160 ad
617 4088 764 4162 Latinos
788 4088 985 4165 emanavit.
1020 4090 1278 4167 pavimentum
1312 4119 1358 4166 ex
1377 4116 1555 4165 marmore
1577 4093 1666 4167 varii

379 4192 520 4296 generis
533 4205 569 4271 bc
581 4194 733 4292 colotis,
748 4218 858 4298 atque
876 4223 921 4273 ex
939 4197 1210 4301 porphyretico.
1239 4200 1347 4274 Nihil
1367 4198 1442 4272 istic
1459 4199 1665 4303 singularius

377 4299 558 4395 ambone,
581 4304 642 4403 qui
665 4305 768 4375 turris
789 4303 893 4381 instar
911 4305 1144 4379 concinnatus
1162 4306 1224 4402 cst,
1241 4334 1283 4380 ex
1301 4306 1385 4382 albo
1406 4330 1584 4381 marmore
1607 4328 1665 4378 to-

380 4428 459 4499 tns,
479 4407 565 4481 binc
588 4420 622 4485 &
646 4403 734 4483 inde
755 4406 873 4506 scala,
887 4437 1042 4516 quarum
1063 4412 1268 4488 alioversus
1290 4420 1419 4510 artare2
1438 4416 1545 4486 altera
1569 4407 1588 4483 ὲ
1610 4438 1665 4482 re·

378 4516 486 4613 gione
507 4514 580 4589 ostii
601 4514 663 4591 sita
681 4517 743 4591 est.
778 4521 806 4592 Ε
827 4515 989 4620 suprema
1008 4516 1174 4592 umbonis
1197 4545 1299 4623 patre
1320 4525 1451 4623 legitur
1469 4521 1661 4619 sculptum,

378 4632 502 4696 Souna
523 4642 599 4697 tous
614 4626 775 4729 Agncllns
792 4627 955 4736 episeopus
982 4623 1070 4702 hooc
1092 4647 1229 4739 Jpcgom
1247 4623 1343 4732 fecie
1384 4625 1452 4701 Sex
1472 4625 1661 4703 ordinibus
