<?xml version="1.0" encoding="UTF-8"?>
<!DOCTYPE html PUBLIC "-//W3C//DTD XHTML 1.0 Transitional//EN"
    "http://www.w3.org/TR/xhtml1/DTD/xhtml1-transitional.dtd">
<html xmlns="http://www.w3.org/1999/xhtml" xml:lang="en" lang="en">
 <head>
  <title>
</title>
<meta http-equiv="Content-Type" content="text/html;charset=utf-8" />
  <meta name='ocr-system' content='tesseract 3.04.00' />
  <meta name='ocr-capabilities' content='ocr_page ocr_carea ocr_par ocr_line ocrx_word'/>
</head>
<body>
  <div class='ocr_page' id='page_1' title='image "./diariumitalicum00montgoog_0280.png"; bbox 0 0 4422 5692; ppageno 0'>
   <div class='ocr_carea' id='block_1_1' title="bbox 594 412 1945 2808">
    <p class='ocr_par' dir='ltr' id='par_1_1' title="bbox 602 412 1903 1088">
     <span class='ocr_line' id='line_1_1' title="bbox 989 412 1903 547; baseline -0.005 -42"><span class='ocrx_word' id='word_1_1' title='bbox 989 432 1113 547; x_wconf 77' lang='lat' dir='ltr'>caput</span> <span class='ocrx_word' id='word_1_2' title='bbox 1132 414 1318 503; x_wconf 80' lang='lat' dir='ltr'>decimum</span> <span class='ocrx_word' id='word_1_3' title='bbox 1321 412 1548 541; x_wconf 73' lang='lat' dir='ltr'>stptitttum.</span> <span class='ocrx_word' id='word_1_4' title='bbox 1838 459 1903 538; x_wconf 76' lang='lat'>235</span> 
     </span>
     <span class='ocr_line' id='line_1_2' title="bbox 609 538 1901 655; baseline -0.009 -27"><span class='ocrx_word' id='word_1_5' title='bbox 609 548 701 629; x_wconf 83' lang='lat' dir='ltr'>mosi</span> <span class='ocrx_word' id='word_1_6' title='bbox 721 544 910 655; x_wconf 81' lang='lat' dir='ltr'>horologii</span> <span class='ocrx_word' id='word_1_7' title='bbox 927 540 1079 644; x_wconf 79' lang='lat' dir='ltr'>solaris,</span> <span class='ocrx_word' id='word_1_8' title='bbox 1104 541 1152 619; x_wconf 87' lang='lat' dir='ltr'>ab</span> <span class='ocrx_word' id='word_1_9' title='bbox 1174 538 1343 648; x_wconf 76' lang='lat' dir='ltr'>Augusto</span> <span class='ocrx_word' id='word_1_10' title='bbox 1372 543 1554 639; x_wconf 84' lang='lat' dir='ltr'>excitati,</span> <span class='ocrx_word' id='word_1_11' title='bbox 1580 542 1619 617; x_wconf 88' lang='lat' dir='ltr'>in</span> <span class='ocrx_word' id='word_1_12' title='bbox 1649 541 1750 647; x_wconf 81' lang='lat' dir='ltr'>cujus</span> <span class='ocrx_word' id='word_1_13' title='bbox 1775 546 1901 621; x_wconf 81' lang='lat' dir='ltr'>medio</span> 
     </span>
     <span class='ocr_line' id='line_1_3' title="bbox 608 648 1902 763; baseline -0.005 -27"><span class='ocrx_word' id='word_1_14' title='bbox 608 653 808 755; x_wconf 74' lang='lat' dir='ltr'>obeliscus,</span> <span class='ocrx_word' id='word_1_15' title='bbox 823 658 1023 763; x_wconf 79' lang='lat' dir='ltr'>gnomonis</span> <span class='ocrx_word' id='word_1_16' title='bbox 1041 658 1121 729; x_wconf 88' lang='lat' dir='ltr'>vice</span> <span class='ocrx_word' id='word_1_17' title='bbox 1140 652 1301 746; x_wconf 73' lang='lat' dir='ltr'>cretius,</span> <span class='ocrx_word' id='word_1_18' title='bbox 1318 675 1488 727; x_wconf 83' lang='lat' dir='ltr'>exaratas</span> <span class='ocrx_word' id='word_1_19' title='bbox 1506 652 1615 727; x_wconf 83' lang='lat' dir='ltr'>aeneis</span> <span class='ocrx_word' id='word_1_20' title='bbox 1635 648 1740 728; x_wconf 91' lang='lat' dir='ltr'>lineis</span> <span class='ocrx_word' id='word_1_21' title='bbox 1759 651 1873 729; x_wconf 84' lang='lat' dir='ltr'>horas</span> <span class='ocrx_word' id='word_1_22' title='bbox 1892 720 1902 747; x_wconf 82' lang='lat'>,</span> 
     </span>
     <span class='ocr_line' id='line_1_4' title="bbox 607 749 1902 870; baseline -0.004 -26"><span class='ocrx_word' id='word_1_23' title='bbox 607 767 741 844; x_wconf 90' lang='lat' dir='ltr'>umbra</span> <span class='ocrx_word' id='word_1_24' title='bbox 761 766 921 841; x_wconf 81' lang='lat' dir='ltr'>cadente</span> <span class='ocrx_word' id='word_1_25' title='bbox 940 756 1178 870; x_wconf 79' lang='lat' dir='ltr'>defignabat:</span> <span class='ocrx_word' id='word_1_26' title='bbox 1192 749 1390 867; x_wconf 82' lang='lat' dir='ltr'>perspicuis</span> <span class='ocrx_word' id='word_1_27' title='bbox 1409 762 1499 837; x_wconf 91' lang='lat' dir='ltr'>item</span> <span class='ocrx_word' id='word_1_28' title='bbox 1521 783 1685 865; x_wconf 87' lang='lat' dir='ltr'>quatuor</span> <span class='ocrx_word' id='word_1_29' title='bbox 1700 784 1902 839; x_wconf 88' lang='lat' dir='ltr'>ventorum</span> 
     </span>
     <span class='ocr_line' id='line_1_5' title="bbox 606 861 1903 981; baseline -0.004 -29"><span class='ocrx_word' id='word_1_30' title='bbox 606 872 781 980; x_wconf 82' lang='lat' dir='ltr'>symbolis</span> <span class='ocrx_word' id='word_1_31' title='bbox 800 869 1042 981; x_wconf 80' lang='lat' dir='ltr'>horologium</span> <span class='ocrx_word' id='word_1_32' title='bbox 1061 891 1238 948; x_wconf 88' lang='lat' dir='ltr'>ornatum</span> <span class='ocrx_word' id='word_1_33' title='bbox 1258 864 1340 943; x_wconf 81' lang='lat' dir='ltr'>suit.</span> <span class='ocrx_word' id='word_1_34' title='bbox 1372 870 1535 975; x_wconf 78' lang='lat' dir='ltr'>Eratque</span> <span class='ocrx_word' id='word_1_35' title='bbox 1553 861 1836 970; x_wconf 82' lang='lat' dir='ltr'>soliditatum,</span> <span class='ocrx_word' id='word_1_36' title='bbox 1861 894 1903 947; x_wconf 92' lang='lat' dir='ltr'>ut</span> 
     </span>
     <span class='ocr_line' id='line_1_6' title="bbox 602 973 965 1088; baseline -0.017 -25"><span class='ocrx_word' id='word_1_37' title='bbox 602 981 750 1063; x_wconf 84' lang='lat' dir='ltr'>ferebat</span> <span class='ocrx_word' id='word_1_38' title='bbox 768 973 965 1088; x_wconf 78' lang='lat' dir='ltr'>inscriptio</span> 
     </span>
    </p>

    <p class='ocr_par' dir='ltr' id='par_1_2' title="bbox 594 1082 1903 2030">
     <span class='ocr_line' id='line_1_7' title="bbox 663 1082 1902 1195; baseline -0.002 -29"><span class='ocrx_word' id='word_1_39' title='bbox 663 1093 705 1167; x_wconf 93' lang='lat' dir='ltr'>In</span> <span class='ocrx_word' id='word_1_40' title='bbox 724 1087 840 1164; x_wconf 86' lang='lat' dir='ltr'>allato</span> <span class='ocrx_word' id='word_1_41' title='bbox 859 1088 1082 1195; x_wconf 88' lang='lat' dir='ltr'>plerumque</span> <span class='ocrx_word' id='word_1_42' title='bbox 1103 1082 1263 1194; x_wconf 89' lang='lat' dir='ltr'>superius</span> <span class='ocrx_word' id='word_1_43' title='bbox 1283 1085 1491 1191; x_wconf 78' lang='lat' dir='ltr'>Anonymo</span> <span class='ocrx_word' id='word_1_44' title='bbox 1513 1114 1623 1164; x_wconf 83' lang='lat' dir='ltr'>vitri.</span> <span class='ocrx_word' id='word_1_45' title='bbox 1643 1083 1762 1165; x_wconf 79' lang='lat' dir='ltr'>saeculi</span> <span class='ocrx_word' id='word_1_46' title='bbox 1781 1112 1902 1195; x_wconf 90' lang='lat' dir='ltr'>prope</span> 
     </span>
     <span class='ocr_line' id='line_1_8' title="bbox 606 1188 1902 1302; baseline -0.002 -29"><span class='ocrx_word' id='word_1_47' title='bbox 606 1191 809 1275; x_wconf 83' lang='lat' dir='ltr'>obeliscum</span> <span class='ocrx_word' id='word_1_48' title='bbox 833 1198 865 1275; x_wconf 88' lang='lat' dir='ltr'>S.</span> <span class='ocrx_word' id='word_1_49' title='bbox 886 1198 1080 1274; x_wconf 86' lang='lat' dir='ltr'>Laurentii</span> <span class='ocrx_word' id='word_1_50' title='bbox 1095 1198 1133 1271; x_wconf 90' lang='lat' dir='ltr'>in</span> <span class='ocrx_word' id='word_1_51' title='bbox 1144 1192 1686 1291; x_wconf 84' lang='lat' dir='ltr'>Lucina,mentoraturforma</span> <span class='ocrx_word' id='word_1_52' title='bbox 1697 1221 1802 1302; x_wconf 81' lang='lat' dir='ltr'>aquae</span> <span class='ocrx_word' id='word_1_53' title='bbox 1813 1202 1848 1273; x_wconf 76' lang='lat' dir='ltr'>V</span> <span class='ocrx_word' id='word_1_54' title='bbox 1853 1188 1902 1271; x_wconf 86' lang='lat' dir='ltr'>ir.</span> 
     </span>
     <span class='ocr_line' id='line_1_9' title="bbox 604 1300 1902 1413; baseline -0.001 -34"><span class='ocrx_word' id='word_1_55' title='bbox 604 1310 725 1413; x_wconf 84' lang='lat' dir='ltr'>ginis,</span> <span class='ocrx_word' id='word_1_56' title='bbox 744 1300 804 1383; x_wconf 90' lang='lat' dir='ltr'>seu</span> <span class='ocrx_word' id='word_1_57' title='bbox 824 1304 1061 1410; x_wconf 62' lang='lat' dir='ltr'>aquaeductus</span> <span class='ocrx_word' id='word_1_58' title='bbox 1081 1331 1168 1380; x_wconf 90' lang='lat' dir='ltr'>cum</span> <span class='ocrx_word' id='word_1_59' title='bbox 1188 1300 1374 1400; x_wconf 88' lang='lat' dir='ltr'>arcubus,</span> <span class='ocrx_word' id='word_1_60' title='bbox 1395 1306 1459 1408; x_wconf 90' lang='lat' dir='ltr'>qui</span> <span class='ocrx_word' id='word_1_61' title='bbox 1487 1303 1560 1380; x_wconf 80' lang='lat' dir='ltr'>‘am</span> <span class='ocrx_word' id='word_1_62' title='bbox 1578 1300 1683 1381; x_wconf 74' lang='lat' dir='ltr'>fracti</span> <span class='ocrx_word' id='word_1_63' title='bbox 1701 1328 1811 1381; x_wconf 91' lang='lat' dir='ltr'>erant</span> <span class='ocrx_word' id='word_1_64' title='bbox 1830 1368 1839 1400; x_wconf 90' lang='lat'>,</span> <span class='ocrx_word' id='word_1_65' title='bbox 1860 1329 1902 1379; x_wconf 91' lang='lat' dir='ltr'>ut</span> 
     </span>
     <span class='ocr_line' id='line_1_10' title="bbox 604 1331 1900 1521; baseline -0.002 -32"><span class='ocrx_word' id='word_1_66' title='bbox 604 1413 744 1490; x_wconf 86' lang='lat' dir='ltr'>ibidem</span> <span class='ocrx_word' id='word_1_67' title='bbox 766 1411 903 1490; x_wconf 88' lang='lat' dir='ltr'>dieitur</span> <span class='ocrx_word' id='word_1_68' title='bbox 922 1478 933 1511; x_wconf 88' lang='lat'>,</span> <span class='ocrx_word' id='word_1_69' title='bbox 954 1412 1059 1520; x_wconf 89' lang='lat' dir='ltr'>quod</span> <span class='ocrx_word' id='word_1_70' title='bbox 1076 1406 1265 1489; x_wconf 75' lang='lat' dir='ltr'>sententiat</span> <span class='ocrx_word' id='word_1_71' title='bbox 1282 1414 1324 1488; x_wconf 95' lang='lat' dir='ltr'>N</span> <span class='ocrx_word' id='word_1_72' title='bbox 1328 1409 1449 1486; x_wconf 88' lang='lat' dir='ltr'>ardini</span> <span class='ocrx_word' id='word_1_73' title='bbox 1466 1331 1570 1488; x_wconf 72' lang='lat' dir='ltr'>savet</span> <span class='ocrx_word' id='word_1_74' title='bbox 1587 1476 1597 1509; x_wconf 92' lang='lat'>,</span> <span class='ocrx_word' id='word_1_75' title='bbox 1615 1438 1751 1519; x_wconf 87' lang='lat' dir='ltr'>aquam</span> <span class='ocrx_word' id='word_1_76' title='bbox 1773 1415 1900 1521; x_wconf 87' lang='lat' dir='ltr'>Virgi-</span> 
     </span>
     <span class='ocr_line' id='line_1_11' title="bbox 604 1517 1903 1628; baseline -0.001 -31"><span class='ocrx_word' id='word_1_77' title='bbox 604 1548 693 1599; x_wconf 88' lang='lat' dir='ltr'>nem</span> <span class='ocrx_word' id='word_1_78' title='bbox 711 1520 776 1597; x_wconf 89' lang='lat' dir='ltr'>has</span> <span class='ocrx_word' id='word_1_79' title='bbox 795 1525 833 1596; x_wconf 88' lang='lat' dir='ltr'>in</span> <span class='ocrx_word' id='word_1_80' title='bbox 852 1546 976 1628; x_wconf 88' lang='lat' dir='ltr'>partes</span> <span class='ocrx_word' id='word_1_81' title='bbox 996 1520 1208 1599; x_wconf 87' lang='lat' dir='ltr'>derivantis.</span> <span class='ocrx_word' id='word_1_82' title='bbox 1234 1519 1346 1624; x_wconf 83' lang='lat' dir='ltr'>Aqua</span> <span class='ocrx_word' id='word_1_83' title='bbox 1365 1540 1491 1596; x_wconf 88' lang='lat' dir='ltr'>autem</span> <span class='ocrx_word' id='word_1_84' title='bbox 1503 1522 1625 1626; x_wconf 88' lang='lat' dir='ltr'>Virgo</span> <span class='ocrx_word' id='word_1_85' title='bbox 1643 1584 1654 1617; x_wconf 93' lang='lat'>,</span> <span class='ocrx_word' id='word_1_86' title='bbox 1670 1542 1712 1596; x_wconf 93' lang='lat' dir='ltr'>ut</span> <span class='ocrx_word' id='word_1_87' title='bbox 1729 1517 1781 1596; x_wconf 91' lang='lat' dir='ltr'>est</span> <span class='ocrx_word' id='word_1_88' title='bbox 1799 1518 1903 1628; x_wconf 84' lang='lat' dir='ltr'>apud</span> 
     </span>
     <span class='ocr_line' id='line_1_12' title="bbox 606 1624 1883 1734; baseline -0.003 -28"><span class='ocrx_word' id='word_1_89' title='bbox 606 1629 865 1706; x_wconf 80' lang='lat' dir='ltr'>Cashodorum</span> <span class='ocrx_word' id='word_1_90' title='bbox 881 1628 1058 1707; x_wconf 85' lang='lat' dir='ltr'>Fotmula</span> <span class='ocrx_word' id='word_1_91' title='bbox 1078 1658 1137 1706; x_wconf 87' lang='lat' dir='ltr'>vr.</span> <span class='ocrx_word' id='word_1_92' title='bbox 1157 1627 1229 1703; x_wconf 78' lang='lat' dir='ltr'>ideo</span> <span class='ocrx_word' id='word_1_93' title='bbox 1238 1626 1288 1734; x_wconf 74' lang='lat' dir='ltr'>fic</span> <span class='ocrx_word' id='word_1_94' title='bbox 1303 1624 1484 1727; x_wconf 80' lang='lat' dir='ltr'>appellata</span> <span class='ocrx_word' id='word_1_95' title='bbox 1501 1629 1667 1718; x_wconf 80' lang='lat' dir='ltr'>creditur,</span> <span class='ocrx_word' id='word_1_96' title='bbox 1687 1627 1777 1732; x_wconf 82' lang='lat' dir='ltr'>quod</span> <span class='ocrx_word' id='word_1_97' title='bbox 1795 1628 1883 1704; x_wconf 80' lang='lat' dir='ltr'>nelli</span> 
     </span>
     <span class='ocr_line' id='line_1_13' title="bbox 594 1733 1899 1844; baseline -0.002 -33"><span class='ocrx_word' id='word_1_98' title='bbox 594 1735 749 1844; x_wconf 76' lang='lat' dir='ltr'>serdibus</span> <span class='ocrx_word' id='word_1_99' title='bbox 763 1735 947 1838; x_wconf 75' lang='lat' dir='ltr'>polluatur.</span> <span class='ocrx_word' id='word_1_100' title='bbox 968 1748 1075 1815; x_wconf 84' lang='lat' dir='ltr'>Nam</span> <span class='ocrx_word' id='word_1_101' title='bbox 1094 1765 1168 1813; x_wconf 85' lang='lat' dir='ltr'>eum</span> <span class='ocrx_word' id='word_1_102' title='bbox 1185 1733 1268 1810; x_wconf 82' lang='lat' dir='ltr'>alie</span> <span class='ocrx_word' id='word_1_103' title='bbox 1271 1735 1473 1838; x_wconf 81' lang='lat' dir='ltr'>pluviarum</span> <span class='ocrx_word' id='word_1_104' title='bbox 1484 1746 1663 1810; x_wconf 74' lang='lat' dir='ltr'>nimietate</span> <span class='ocrx_word' id='word_1_105' title='bbox 1674 1759 1806 1809; x_wconf 71' lang='lat' dir='ltr'>tenena</span> <span class='ocrx_word' id='word_1_106' title='bbox 1815 1764 1899 1810; x_wconf 82' lang='lat' dir='ltr'>com-</span> 
     </span>
     <span class='ocr_line' id='line_1_14' title="bbox 604 1841 1899 1950; baseline 0.002 -33"><span class='ocrx_word' id='word_1_107' title='bbox 604 1856 768 1920; x_wconf 79' lang='lat' dir='ltr'>mixtione</span> <span class='ocrx_word' id='word_1_108' title='bbox 783 1845 977 1937; x_wconf 82' lang='lat' dir='ltr'>violentur,</span> <span class='ocrx_word' id='word_1_109' title='bbox 994 1841 1064 1921; x_wconf 69' lang='lat' dir='ltr'>ltere</span> <span class='ocrx_word' id='word_1_110' title='bbox 1078 1872 1190 1922; x_wconf 85' lang='lat' dir='ltr'>aerem</span> <span class='ocrx_word' id='word_1_111' title='bbox 1203 1864 1361 1946; x_wconf 81' lang='lat' dir='ltr'>perpetuo</span> <span class='ocrx_word' id='word_1_112' title='bbox 1369 1841 1522 1950; x_wconf 71' lang='lat' dir='ltr'>strenam</span> <span class='ocrx_word' id='word_1_113' title='bbox 1534 1841 1899 1946; x_wconf 56' lang='lat' dir='ltr'>purtffmelctbensun-</span> 
     </span>
     <span class='ocr_line' id='line_1_15' title="bbox 603 1951 841 2030; baseline 0.013 -4"><span class='ocrx_word' id='word_1_114' title='bbox 603 1951 652 2026; x_wconf 77' lang='lat' dir='ltr'>dn</span> <span class='ocrx_word' id='word_1_115' title='bbox 671 1964 841 2030; x_wconf 76' lang='lat' dir='ltr'>mentitur.</span> 
     </span>
    </p>

    <p class='ocr_par' dir='ltr' id='par_1_3' title="bbox 600 2053 1900 2480">
     <span class='ocr_line' id='line_1_16' title="bbox 657 2053 1897 2165; baseline 0.002 -30"><span class='ocrx_word' id='word_1_116' title='bbox 657 2060 834 2136; x_wconf 81' lang='lat' dir='ltr'>Proxime</span> <span class='ocrx_word' id='word_1_117' title='bbox 853 2056 1069 2165; x_wconf 77' lang='lat' dir='ltr'>erigebatur</span> <span class='ocrx_word' id='word_1_118' title='bbox 1087 2085 1194 2136; x_wconf 88' lang='lat' dir='ltr'>arcus</span> <span class='ocrx_word' id='word_1_119' title='bbox 1213 2083 1292 2134; x_wconf 87' lang='lat' dir='ltr'>non</span> <span class='ocrx_word' id='word_1_120' title='bbox 1310 2059 1362 2132; x_wconf 91' lang='lat' dir='ltr'>ita</span> <span class='ocrx_word' id='word_1_121' title='bbox 1379 2053 1528 2163; x_wconf 87' lang='lat' dir='ltr'>pridem</span> <span class='ocrx_word' id='word_1_122' title='bbox 1546 2054 1690 2133; x_wconf 85' lang='lat' dir='ltr'>dirutus</span> <span class='ocrx_word' id='word_1_123' title='bbox 1712 2119 1724 2152; x_wconf 92' lang='lat'>,</span> <span class='ocrx_word' id='word_1_124' title='bbox 1745 2065 1803 2135; x_wconf 90' lang='lat' dir='ltr'>cui</span> <span class='ocrx_word' id='word_1_125' title='bbox 1828 2087 1897 2137; x_wconf 87' lang='lat' dir='ltr'>no.</span> 
     </span>
     <span class='ocr_line' id='line_1_17' title="bbox 602 2161 1900 2274; baseline 0.002 -31"><span class='ocrx_word' id='word_1_126' title='bbox 602 2191 722 2264; x_wconf 88' lang='lat' dir='ltr'>men,</span> <span class='ocrx_word' id='word_1_127' title='bbox 745 2192 851 2243; x_wconf 86' lang='lat' dir='ltr'>arcus·</span> <span class='ocrx_word' id='word_1_128' title='bbox 874 2165 921 2245; x_wconf 87' lang='lat' dir='ltr'>de</span> <span class='ocrx_word' id='word_1_129' title='bbox 940 2166 1173 2274; x_wconf 88' lang='lat' dir='ltr'>Portugallia</span> <span class='ocrx_word' id='word_1_130' title='bbox 1192 2232 1203 2265; x_wconf 95' lang='lat'>,</span> <span class='ocrx_word' id='word_1_131' title='bbox 1225 2191 1338 2272; x_wconf 86' lang='lat' dir='ltr'>quem</span> <span class='ocrx_word' id='word_1_132' title='bbox 1358 2168 1449 2240; x_wconf 90' lang='lat' dir='ltr'>varii</span> <span class='ocrx_word' id='word_1_133' title='bbox 1460 2167 1568 2240; x_wconf 86' lang='lat' dir='ltr'>variis</span> <span class='ocrx_word' id='word_1_134' title='bbox 1577 2161 1750 2271; x_wconf 84' lang='lat' dir='ltr'>Augustis</span> <span class='ocrx_word' id='word_1_135' title='bbox 1766 2165 1900 2246; x_wconf 74' lang='lat' dir='ltr'>adseri.</span> 
     </span>
     <span class='ocr_line' id='line_1_18' title="bbox 603 2268 1897 2372; baseline 0.002 -23"><span class='ocrx_word' id='word_1_136' title='bbox 603 2271 726 2372; x_wconf 72' lang='lat' dir='ltr'>bunt,</span> <span class='ocrx_word' id='word_1_137' title='bbox 760 2273 821 2349; x_wconf 85' lang='lat' dir='ltr'>alii</span> <span class='ocrx_word' id='word_1_138' title='bbox 840 2268 978 2352; x_wconf 89' lang='lat' dir='ltr'>scilicet</span> <span class='ocrx_word' id='word_1_139' title='bbox 1001 2277 1230 2352; x_wconf 86' lang='lat' dir='ltr'>Domitiano</span> <span class='ocrx_word' id='word_1_140' title='bbox 1249 2337 1259 2369; x_wconf 94' lang='lat'>,</span> <span class='ocrx_word' id='word_1_141' title='bbox 1285 2270 1458 2349; x_wconf 88' lang='lat' dir='ltr'>nonnulli</span> <span class='ocrx_word' id='word_1_142' title='bbox 1478 2270 1643 2348; x_wconf 86' lang='lat' dir='ltr'>Claudio</span> <span class='ocrx_word' id='word_1_143' title='bbox 1662 2270 1722 2348; x_wconf 92' lang='lat' dir='ltr'>vel</span> <span class='ocrx_word' id='word_1_144' title='bbox 1742 2271 1870 2352; x_wconf 90' lang='lat' dir='ltr'>Druso</span> <span class='ocrx_word' id='word_1_145' title='bbox 1887 2343 1897 2371; x_wconf 83' lang='lat'>,</span> 
     </span>
     <span class='ocr_line' id='line_1_19' title="bbox 600 2375 1680 2480; baseline -0.004 -20"><span class='ocrx_word' id='word_1_146' title='bbox 600 2383 642 2460; x_wconf 91' lang='lat' dir='ltr'>N</span> <span class='ocrx_word' id='word_1_147' title='bbox 646 2381 797 2459; x_wconf 87' lang='lat' dir='ltr'>ardinus</span> <span class='ocrx_word' id='word_1_148' title='bbox 815 2384 952 2458; x_wconf 84' lang='lat' dir='ltr'>Marco</span> <span class='ocrx_word' id='word_1_149' title='bbox 973 2381 1192 2480; x_wconf 80' lang='lat' dir='ltr'>Antonino,</span> <span class='ocrx_word' id='word_1_150' title='bbox 1208 2375 1270 2458; x_wconf 91' lang='lat' dir='ltr'>sed</span> <span class='ocrx_word' id='word_1_151' title='bbox 1285 2378 1387 2456; x_wconf 89' lang='lat' dir='ltr'>haud</span> <span class='ocrx_word' id='word_1_152' title='bbox 1404 2378 1680 2458; x_wconf 87' lang='lat' dir='ltr'>certisindieiis.</span> 
     </span>
    </p>

    <p class='ocr_par' dir='ltr' id='par_1_4' title="bbox 599 2485 1945 2808">
     <span class='ocr_line' id='line_1_20' title="bbox 654 2485 1942 2597; baseline -0.001 -30"><span class='ocrx_word' id='word_1_153' title='bbox 654 2492 752 2568; x_wconf 70' lang='lat' dir='ltr'>Fri</span> <span class='ocrx_word' id='word_1_154' title='bbox 766 2516 826 2568; x_wconf 81' lang='lat' dir='ltr'>tut</span> <span class='ocrx_word' id='word_1_155' title='bbox 841 2516 868 2568; x_wconf 80' lang='lat' dir='ltr'>rt</span> <span class='ocrx_word' id='word_1_156' title='bbox 883 2515 968 2569; x_wconf 85' lang='lat' dir='ltr'>1th</span> <span class='ocrx_word' id='word_1_157' title='bbox 997 2495 1035 2570; x_wconf 91' lang='lat' dir='ltr'>V</span> <span class='ocrx_word' id='word_1_158' title='bbox 1047 2517 1074 2568; x_wconf 81' lang='lat' dir='ltr'>A</span> <span class='ocrx_word' id='word_1_159' title='bbox 1090 2518 1114 2568; x_wconf 85' lang='lat' dir='ltr'>c</span> <span class='ocrx_word' id='word_1_160' title='bbox 1129 2517 1152 2568; x_wconf 88' lang='lat' dir='ltr'>c</span> <span class='ocrx_word' id='word_1_161' title='bbox 1167 2517 1205 2567; x_wconf 78' lang='lat' dir='ltr'>n.</span> <span class='ocrx_word' id='word_1_162' title='bbox 1234 2491 1355 2567; x_wconf 83' lang='lat' dir='ltr'>Areus</span> <span class='ocrx_word' id='word_1_163' title='bbox 1372 2486 1486 2564; x_wconf 89' lang='lat' dir='ltr'>hodie</span> <span class='ocrx_word' id='word_1_164' title='bbox 1506 2485 1895 2597; x_wconf 68' lang='lat' dir='ltr'>dietusdel’ntogelh,</span> <span class='ocrx_word' id='word_1_165' title='bbox 1920 2486 1942 2517; x_wconf 78' lang='lat'>‘¹</span> 
     </span>
     <span class='ocr_line' id='line_1_21' title="bbox 599 2592 1945 2703; baseline 0.002 -32"><span class='ocrx_word' id='word_1_166' title='bbox 599 2592 650 2673; x_wconf 83' lang='lat' dir='ltr'>fic</span> <span class='ocrx_word' id='word_1_167' title='bbox 669 2621 857 2697; x_wconf 83' lang='lat' dir='ltr'>vocatur,</span> <span class='ocrx_word' id='word_1_168' title='bbox 881 2601 968 2703; x_wconf 91' lang='lat' dir='ltr'>quia</span> <span class='ocrx_word' id='word_1_169' title='bbox 990 2596 1068 2675; x_wconf 90' lang='lat' dir='ltr'>istic</span> <span class='ocrx_word' id='word_1_170' title='bbox 1085 2593 1187 2676; x_wconf 90' lang='lat' dir='ltr'>sedes</span> <span class='ocrx_word' id='word_1_171' title='bbox 1206 2595 1338 2673; x_wconf 91' lang='lat' dir='ltr'>habuit</span> <span class='ocrx_word' id='word_1_172' title='bbox 1358 2593 1598 2702; x_wconf 83' lang='lat' dir='ltr'>Portugalliae</span> <span class='ocrx_word' id='word_1_173' title='bbox 1621 2598 1717 2702; x_wconf 86' lang='lat' dir='ltr'>regis</span> <span class='ocrx_word' id='word_1_174' title='bbox 1738 2598 1893 2675; x_wconf 84' lang='lat' dir='ltr'>Orator.</span> <span class='ocrx_word' id='word_1_175' title='bbox 1919 2592 1945 2629; x_wconf 83' lang='lat'><strong><em>“</em></strong></span> 
     </span>
     <span class='ocr_line' id='line_1_22' title="bbox 599 2701 1942 2808; baseline 0.001 -29"><span class='ocrx_word' id='word_1_176' title='bbox 599 2705 727 2782; x_wconf 82' lang='lat' dir='ltr'>Antea</span> <span class='ocrx_word' id='word_1_177' title='bbox 747 2732 836 2784; x_wconf 89' lang='lat' dir='ltr'>vero</span> <span class='ocrx_word' id='word_1_178' title='bbox 851 2769 862 2804; x_wconf 92' lang='lat'>,</span> <span class='ocrx_word' id='word_1_179' title='bbox 879 2714 973 2784; x_wconf 81' lang='lat' dir='ltr'>Arte</span> <span class='ocrx_word' id='word_1_180' title='bbox 990 2704 1073 2782; x_wconf 78' lang='lat' dir='ltr'>delli</span> <span class='ocrx_word' id='word_1_181' title='bbox 1091 2704 1260 2804; x_wconf 75' lang='lat' dir='ltr'>Rettufhli</span> <span class='ocrx_word' id='word_1_182' title='bbox 1279 2701 1540 2800; x_wconf 77' lang='lat' dir='ltr'>vocitabatur,</span> <span class='ocrx_word' id='word_1_183' title='bbox 1560 2706 1664 2808; x_wconf 90' lang='lat' dir='ltr'>quia,</span> <span class='ocrx_word' id='word_1_184' title='bbox 1682 2726 1723 2779; x_wconf 92' lang='lat' dir='ltr'>ut</span> <span class='ocrx_word' id='word_1_185' title='bbox 1733 2704 1894 2799; x_wconf 77' lang='lat' dir='ltr'>vulgaris</span> <span class='ocrx_word' id='word_1_186' title='bbox 1919 2701 1942 2732; x_wconf 78' lang='lat'>‘¹</span> 
     </span>
    </p>
   </div>
   <div class='ocr_carea' id='block_1_2' title="bbox 598 2791 1941 3458">
    <p class='ocr_par' dir='ltr' id='par_1_5' title="bbox 598 2791 1941 3458">
     <span class='ocr_line' id='line_1_23' title="bbox 600 2791 1939 2921; baseline -0.001 -34"><span class='ocrx_word' id='word_1_187' title='bbox 600 2809 675 2889; x_wconf 88' lang='lat' dir='ltr'>fert</span> <span class='ocrx_word' id='word_1_188' title='bbox 691 2817 819 2921; x_wconf 90' lang='lat' dir='ltr'>opinio</span> <span class='ocrx_word' id='word_1_189' title='bbox 835 2877 847 2912; x_wconf 91' lang='lat'>,</span> <span class='ocrx_word' id='word_1_190' title='bbox 862 2812 939 2890; x_wconf 89' lang='lat' dir='ltr'>hoc</span> <span class='ocrx_word' id='word_1_191' title='bbox 956 2817 1110 2892; x_wconf 87' lang='lat' dir='ltr'>nomine</span> <span class='ocrx_word' id='word_1_192' title='bbox 1136 2810 1206 2890; x_wconf 86' lang='lat' dir='ltr'>suit</span> <span class='ocrx_word' id='word_1_193' title='bbox 1223 2810 1442 2889; x_wconf 80' lang='lat' dir='ltr'>nobilissima</span> <span class='ocrx_word' id='word_1_194' title='bbox 1462 2809 1634 2918; x_wconf 82' lang='lat' dir='ltr'>quaedam</span> <span class='ocrx_word' id='word_1_195' title='bbox 1651 2791 1841 2890; x_wconf 51' lang='lat' dir='ltr'>familiai&lt;</span> <span class='ocrx_word' id='word_1_196' title='bbox 1854 2845 1876 2885; x_wconf 78' lang='lat' dir='ltr'>o</span> <span class='ocrx_word' id='word_1_197' title='bbox 1919 2814 1939 2839; x_wconf 65' lang='grc'>“’</span> 
     </span>
     <span class='ocr_line' id='line_1_24' title="bbox 599 2919 1941 3027; baseline 0.002 -34"><span class='ocrx_word' id='word_1_198' title='bbox 599 2946 732 3017; x_wconf 86' lang='lat' dir='ltr'>mana,</span> <span class='ocrx_word' id='word_1_199' title='bbox 751 2921 854 2996; x_wconf 80' lang='lat' dir='ltr'>cu&#39;us</span> <span class='ocrx_word' id='word_1_200' title='bbox 871 2923 1093 2997; x_wconf 84' lang='lat' dir='ltr'>eratllreus.</span> <span class='ocrx_word' id='word_1_201' title='bbox 1134 2919 1335 2996; x_wconf 78' lang='lat' dir='ltr'>Ataestimo</span> <span class='ocrx_word' id='word_1_202' title='bbox 1354 2921 1515 3025; x_wconf 92' lang='lat' dir='ltr'>petitum</span> <span class='ocrx_word' id='word_1_203' title='bbox 1533 2944 1674 2995; x_wconf 88' lang='lat' dir='ltr'>nomen</span> <span class='ocrx_word' id='word_1_204' title='bbox 1694 2944 1716 2994; x_wconf 88' lang='lat' dir='ltr'>a</span> <span class='ocrx_word' id='word_1_205' title='bbox 1734 2940 1894 3027; x_wconf 80' lang='lat' dir='ltr'>tropats,</span> <span class='ocrx_word' id='word_1_206' title='bbox 1918 2920 1941 2948; x_wconf 66' lang='lat'>⁴*</span> 
     </span>
     <span class='ocr_line' id='line_1_25' title="bbox 600 2948 1941 3137; baseline 0.004 -37"><span class='ocrx_word' id='word_1_207' title='bbox 600 3052 682 3131; x_wconf 77' lang='lat' dir='ltr'>que</span> <span class='ocrx_word' id='word_1_208' title='bbox 693 2948 913 3134; x_wconf 75' lang='lat' dir='ltr'>anaglyphis</span> <span class='ocrx_word' id='word_1_209' title='bbox 924 3030 1075 3104; x_wconf 82' lang='lat' dir='ltr'>inllrcu</span> <span class='ocrx_word' id='word_1_210' title='bbox 1088 3024 1652 3133; x_wconf 69' lang='lat' dir='ltr'>concinnatisexprimebantur,</span> <span class='ocrx_word' id='word_1_211' title='bbox 1665 3023 1759 3103; x_wconf 82' lang='lat' dir='ltr'>&amp;ab</span> <span class='ocrx_word' id='word_1_212' title='bbox 1774 3031 1893 3137; x_wconf 83' lang='lat' dir='ltr'>impe·</span> <span class='ocrx_word' id='word_1_213' title='bbox 1918 3024 1941 3057; x_wconf 74' lang='lat'>‘⁴</span> 
     </span>
     <span class='ocr_line' id='line_1_26' title="bbox 599 3129 1939 3241; baseline 0.003 -33"><span class='ocrx_word' id='word_1_214' title='bbox 599 3138 670 3209; x_wconf 87' lang='lat' dir='ltr'>rita</span> <span class='ocrx_word' id='word_1_215' title='bbox 682 3133 938 3241; x_wconf 82' lang='lat' dir='ltr'>plebe,quens</span> <span class='ocrx_word' id='word_1_216' title='bbox 951 3163 1080 3212; x_wconf 88' lang='lat' dir='ltr'>arcum</span> <span class='ocrx_word' id='word_1_217' title='bbox 1091 3135 1170 3211; x_wconf 79' lang='lat' dir='ltr'>delli</span> <span class='ocrx_word' id='word_1_218' title='bbox 1182 3136 1278 3232; x_wconf 65' lang='lat' dir='ltr'>trasei</span> <span class='ocrx_word' id='word_1_219' title='bbox 1287 3129 1744 3240; x_wconf 79' lang='lat' dir='ltr'>nuncuparedcbuislent,</span> <span class='ocrx_word' id='word_1_220' title='bbox 1764 3161 1892 3212; x_wconf 89' lang='lat' dir='ltr'>arcum</span> <span class='ocrx_word' id='word_1_221' title='bbox 1916 3130 1939 3163; x_wconf 73' lang='lat'>‘⁴</span> 
     </span>
     <span class='ocr_line' id='line_1_27' title="bbox 598 3237 1939 3349; baseline 0.004 -35"><span class='ocrx_word' id='word_1_222' title='bbox 598 3241 681 3315; x_wconf 75' lang='lat' dir='ltr'>delli</span> <span class='ocrx_word' id='word_1_223' title='bbox 698 3243 843 3341; x_wconf 64' lang='lat' dir='ltr'>trerofait</span> <span class='ocrx_word' id='word_1_224' title='bbox 864 3243 1002 3320; x_wconf 59' lang='lat' dir='ltr'>ditium</span> <span class='ocrx_word' id='word_1_225' title='bbox 1024 3240 1103 3321; x_wconf 84' lang='lat' dir='ltr'>elle.</span> <span class='ocrx_word' id='word_1_226' title='bbox 1122 3247 1215 3321; x_wconf 87' lang='lat' dir='ltr'>Mea</span> <span class='ocrx_word' id='word_1_227' title='bbox 1228 3265 1338 3319; x_wconf 80' lang='lat' dir='ltr'>aetate</span> <span class='ocrx_word' id='word_1_228' title='bbox 1349 3239 1605 3349; x_wconf 77' lang='lat' dir='ltr'>anaglyphum</span> <span class='ocrx_word' id='word_1_229' title='bbox 1616 3240 1720 3319; x_wconf 87' lang='lat' dir='ltr'>istinc</span> <span class='ocrx_word' id='word_1_230' title='bbox 1731 3267 1898 3343; x_wconf 87' lang='lat' dir='ltr'>erutum,</span> <span class='ocrx_word' id='word_1_231' title='bbox 1915 3237 1939 3272; x_wconf 90' lang='lat'><strong>“</strong></span> 
     </span>
     <span class='ocr_line' id='line_1_28' title="bbox 601 3346 1938 3458; baseline 0.005 -37"><span class='ocrx_word' id='word_1_232' title='bbox 601 3347 790 3454; x_wconf 81' lang='lat' dir='ltr'>signiferos</span> <span class='ocrx_word' id='word_1_233' title='bbox 808 3375 951 3457; x_wconf 72' lang='lat' dir='ltr'>tropzta</span> <span class='ocrx_word' id='word_1_234' title='bbox 967 3379 1081 3427; x_wconf 79' lang='lat' dir='ltr'>marm</span> <span class='ocrx_word' id='word_1_235' title='bbox 1101 3349 1286 3458; x_wconf 81' lang='lat' dir='ltr'>gestantes</span> <span class='ocrx_word' id='word_1_236' title='bbox 1314 3347 1502 3427; x_wconf 85' lang='lat' dir='ltr'>referebat</span> <span class='ocrx_word' id='word_1_237' title='bbox 1523 3396 1533 3451; x_wconf 68' lang='lat'>5</span> <span class='ocrx_word' id='word_1_238' title='bbox 1554 3375 1628 3455; x_wconf 88' lang='lat' dir='ltr'>qua</span> <span class='ocrx_word' id='word_1_239' title='bbox 1655 3349 1703 3427; x_wconf 87' lang='lat' dir='ltr'>de</span> <span class='ocrx_word' id='word_1_240' title='bbox 1723 3346 1829 3427; x_wconf 80' lang='lat' dir='ltr'>eausa</span> <span class='ocrx_word' id='word_1_241' title='bbox 1853 3355 1891 3428; x_wconf 87' lang='lat' dir='ltr'>in</span> <span class='ocrx_word' id='word_1_242' title='bbox 1915 3346 1938 3380; x_wconf 88' lang='lat'>“</span> 
     </span>
    </p>
   </div>
   <div class='ocr_carea' id='block_1_3' title="bbox 597 3448 1944 3565">
    <p class='ocr_par' dir='ltr' id='par_1_6' title="bbox 597 3448 1944 3565">
     <span class='ocr_line' id='line_1_29' title="bbox 597 3448 1944 3565; baseline 0.002 -37"><span class='ocrx_word' id='word_1_243' title='bbox 597 3454 697 3531; x_wconf 87' lang='lat' dir='ltr'>hanc</span> <span class='ocrx_word' id='word_1_244' title='bbox 718 3462 936 3561; x_wconf 89' lang='lat' dir='ltr'>opinionem</span> <span class='ocrx_word' id='word_1_245' title='bbox 956 3483 1056 3535; x_wconf 89' lang='lat' dir='ltr'>totus</span> <span class='ocrx_word' id='word_1_246' title='bbox 1073 3487 1117 3534; x_wconf 86' lang='lat' dir='ltr'>ac</span> <span class='ocrx_word' id='word_1_247' title='bbox 1135 3456 1316 3565; x_wconf 86' lang='lat' dir='ltr'>pedibus,</span> <span class='ocrx_word' id='word_1_248' title='bbox 1338 3479 1380 3533; x_wconf 91' lang='lat' dir='ltr'>ut</span> <span class='ocrx_word' id='word_1_249' title='bbox 1398 3462 1522 3555; x_wconf 88' lang='lat' dir='ltr'>aiunt,</span> <span class='ocrx_word' id='word_1_250' title='bbox 1540 3448 1702 3533; x_wconf 90' lang='lat' dir='ltr'>deseror.</span> <span class='ocrx_word' id='word_1_251' title='bbox 1915 3452 1944 3489; x_wconf 69' lang='lat'>‘¹</span> 
     </span>
    </p>
   </div>
   <div class='ocr_carea' id='block_1_4' title="bbox 594 3560 1946 4715">
    <p class='ocr_par' dir='ltr' id='par_1_7' title="bbox 597 3560 1895 3880">
     <span class='ocr_line' id='line_1_30' title="bbox 650 3560 1895 3671; baseline -0.001 -31"><span class='ocrx_word' id='word_1_252' title='bbox 650 3565 694 3640; x_wconf 89' lang='lat' dir='ltr'>ln</span> <span class='ocrx_word' id='word_1_253' title='bbox 711 3560 831 3639; x_wconf 85' lang='lat' dir='ltr'>diario</span> <span class='ocrx_word' id='word_1_254' title='bbox 852 3566 1020 3670; x_wconf 87' lang='lat' dir='ltr'>quodam</span> <span class='ocrx_word' id='word_1_255' title='bbox 1039 3566 1185 3643; x_wconf 87' lang='lat' dir='ltr'>inedito</span> <span class='ocrx_word' id='word_1_256' title='bbox 1196 3565 1298 3671; x_wconf 88' lang='lat' dir='ltr'>quod</span> <span class='ocrx_word' id='word_1_257' title='bbox 1316 3589 1429 3670; x_wconf 87' lang='lat' dir='ltr'>penes</span> <span class='ocrx_word' id='word_1_258' title='bbox 1443 3591 1504 3641; x_wconf 87' lang='lat' dir='ltr'>mc</span> <span class='ocrx_word' id='word_1_259' title='bbox 1515 3563 1589 3662; x_wconf 89' lang='lat' dir='ltr'>est,</span> <span class='ocrx_word' id='word_1_260' title='bbox 1604 3590 1710 3640; x_wconf 86' lang='lat' dir='ltr'>arcus</span> <span class='ocrx_word' id='word_1_261' title='bbox 1727 3563 1792 3643; x_wconf 88' lang='lat' dir='ltr'>iste</span> <span class='ocrx_word' id='word_1_262' title='bbox 1804 3563 1895 3641; x_wconf 88' lang='lat' dir='ltr'>dici.</span> 
     </span>
     <span class='ocr_line' id='line_1_31' title="bbox 597 3670 1893 3780; baseline 0.005 -37"><span class='ocrx_word' id='word_1_263' title='bbox 597 3693 659 3744; x_wconf 91' lang='lat' dir='ltr'>tur</span> <span class='ocrx_word' id='word_1_264' title='bbox 675 3734 686 3767; x_wconf 94' lang='lat'>,</span> <span class='ocrx_word' id='word_1_265' title='bbox 705 3701 780 3746; x_wconf 78' lang='lat' dir='ltr'>areo</span> <span class='ocrx_word' id='word_1_266' title='bbox 800 3671 835 3745; x_wconf 78' lang='lat' dir='ltr'>di</span> <span class='ocrx_word' id='word_1_267' title='bbox 852 3686 888 3750; x_wconf 86' lang='lat' dir='ltr'><em>T</em></span> <span class='ocrx_word' id='word_1_268' title='bbox 888 3674 1015 3773; x_wconf 73' lang='lat' dir='ltr'>repuli,</span> <span class='ocrx_word' id='word_1_269' title='bbox 1035 3673 1141 3780; x_wconf 90' lang='lat' dir='ltr'>quod</span> <span class='ocrx_word' id='word_1_270' title='bbox 1159 3670 1307 3750; x_wconf 77' lang='lat' dir='ltr'>fortasse</span> <span class='ocrx_word' id='word_1_271' title='bbox 1330 3670 1501 3748; x_wconf 84' lang='lat' dir='ltr'>Flaminii</span> <span class='ocrx_word' id='word_1_272' title='bbox 1520 3679 1656 3752; x_wconf 75' lang='lat' dir='ltr'>Vacca</span> <span class='ocrx_word' id='word_1_273' title='bbox 1667 3675 1836 3779; x_wconf 86' lang='lat' dir='ltr'>opinioni</span> <span class='ocrx_word' id='word_1_274' title='bbox 1848 3700 1893 3750; x_wconf 89' lang='lat' dir='ltr'>ac</span> 
     </span>
     <span class='ocr_line' id='line_1_32' title="bbox 597 3776 970 3880; baseline 0.011 -29"><span class='ocrx_word' id='word_1_275' title='bbox 597 3781 818 3880; x_wconf 67' lang='lat' dir='ltr'>conjecture</span> <span class='ocrx_word' id='word_1_276' title='bbox 835 3776 970 3856; x_wconf 81' lang='lat' dir='ltr'>faveat.</span> 
     </span>
    </p>

    <p class='ocr_par' dir='ltr' id='par_1_8' title="bbox 594 3889 1946 4715">
     <span class='ocr_line' id='line_1_33' title="bbox 652 3889 1946 3995; baseline -0.012 -32"><span class='ocrx_word' id='word_1_277' title='bbox 652 3889 679 3963; x_wconf 75' lang='lat' dir='ltr'>f</span> <span class='ocrx_word' id='word_1_278' title='bbox 692 3913 960 3965; x_wconf 73' lang='lat' dir='ltr'>instruitis</span> <span class='ocrx_word' id='word_1_279' title='bbox 1001 3892 1203 3963; x_wconf 70' lang='lat' dir='ltr'>Vacca.</span> <span class='ocrx_word' id='word_1_280' title='bbox 1240 3894 1433 3995; x_wconf 85' lang='lat' dir='ltr'>Tetnpore</span> <span class='ocrx_word' id='word_1_281' title='bbox 1453 3892 1541 3964; x_wconf 78' lang='lat' dir='ltr'>Sixti</span> <span class='ocrx_word' id='word_1_282' title='bbox 1558 3892 1604 3963; x_wconf 88' lang='lat' dir='ltr'>V.</span> <span class='ocrx_word' id='word_1_283' title='bbox 1625 3890 1779 3964; x_wconf 88' lang='lat' dir='ltr'>memini</span> <span class='ocrx_word' id='word_1_284' title='bbox 1797 3891 1893 3964; x_wconf 78' lang='lat' dir='ltr'>Fon.</span> <span class='ocrx_word' id='word_1_285' title='bbox 1916 3917 1946 3950; x_wconf 68' lang='grc' dir='ltr'>α.</span> 
     </span>
     <span class='ocr_line' id='line_1_34' title="bbox 595 3989 1940 4100; baseline 0.001 -33"><span class='ocrx_word' id='word_1_286' title='bbox 595 4016 725 4070; x_wconf 85' lang='lat' dir='ltr'>tanam</span> <span class='ocrx_word' id='word_1_287' title='bbox 746 3999 913 4098; x_wconf 87' lang='lat' dir='ltr'>equitem</span> <span class='ocrx_word' id='word_1_288' title='bbox 930 3989 1100 4100; x_wconf 75' lang='lat' dir='ltr'>reperisse</span> <span class='ocrx_word' id='word_1_289' title='bbox 1120 4021 1239 4099; x_wconf 86' lang='lat' dir='ltr'>prope</span> <span class='ocrx_word' id='word_1_290' title='bbox 1261 3998 1556 4073; x_wconf 69' lang='lat' dir='ltr'>§.Laurentium</span> <span class='ocrx_word' id='word_1_291' title='bbox 1578 4000 1615 4069; x_wconf 89' lang='lat' dir='ltr'>in</span> <span class='ocrx_word' id='word_1_292' title='bbox 1628 3996 1793 4090; x_wconf 78' lang='lat' dir='ltr'>Lucina,</span> <span class='ocrx_word' id='word_1_293' title='bbox 1813 4022 1891 4071; x_wconf 81' lang='lat' dir='ltr'>ver.</span> <span class='ocrx_word' id='word_1_294' title='bbox 1917 4024 1940 4057; x_wconf 68' lang='grc' dir='ltr'>α</span> 
     </span>
     <span class='ocr_line' id='line_1_35' title="bbox 597 4095 1939 4209; baseline 0.004 -35"><span class='ocrx_word' id='word_1_295' title='bbox 597 4095 651 4174; x_wconf 87' lang='lat' dir='ltr'>sus</span> <span class='ocrx_word' id='word_1_296' title='bbox 672 4129 846 4207; x_wconf 77' lang='lat' dir='ltr'>canipum</span> <span class='ocrx_word' id='word_1_297' title='bbox 873 4107 1088 4198; x_wconf 79' lang='lat' dir='ltr'>Martium,</span> <span class='ocrx_word' id='word_1_298' title='bbox 1117 4096 1319 4177; x_wconf 88' lang='lat' dir='ltr'>obeliscum</span> <span class='ocrx_word' id='word_1_299' title='bbox 1344 4130 1490 4209; x_wconf 71' lang='lat' dir='ltr'>magna:</span> <span class='ocrx_word' id='word_1_300' title='bbox 1508 4100 1618 4178; x_wconf 89' lang='lat' dir='ltr'>molis</span> <span class='ocrx_word' id='word_1_301' title='bbox 1636 4128 1683 4178; x_wconf 80' lang='lat' dir='ltr'>ex</span> <span class='ocrx_word' id='word_1_302' title='bbox 1702 4129 1890 4179; x_wconf 84' lang='lat' dir='ltr'>marmore</span> <span class='ocrx_word' id='word_1_303' title='bbox 1917 4132 1939 4164; x_wconf 66' lang='grc' dir='ltr'>α</span> 
     </span>
     <span class='ocr_line' id='line_1_36' title="bbox 595 4203 1941 4316; baseline 0.001 -35"><span class='ocrx_word' id='word_1_304' title='bbox 595 4233 744 4313; x_wconf 76' lang='lat' dir='ltr'>grunitu</span> <span class='ocrx_word' id='word_1_305' title='bbox 766 4211 961 4315; x_wconf 74' lang='lat' dir='ltr'>AEgyptio</span> <span class='ocrx_word' id='word_1_306' title='bbox 981 4206 1098 4316; x_wconf 79' lang='lat' dir='ltr'>Qtod</span> <span class='ocrx_word' id='word_1_307' title='bbox 1119 4237 1205 4284; x_wconf 92' lang='lat' dir='ltr'>cum</span> <span class='ocrx_word' id='word_1_308' title='bbox 1225 4213 1326 4285; x_wconf 79' lang='lat' dir='ltr'>Sixto</span> <span class='ocrx_word' id='word_1_309' title='bbox 1347 4213 1393 4285; x_wconf 89' lang='lat' dir='ltr'>V.</span> <span class='ocrx_word' id='word_1_310' title='bbox 1413 4213 1670 4286; x_wconf 87' lang='lat' dir='ltr'>renuntiatum</span> <span class='ocrx_word' id='word_1_311' title='bbox 1688 4206 1799 4307; x_wconf 82' lang='lat' dir='ltr'>esset,</span> <span class='ocrx_word' id='word_1_312' title='bbox 1820 4203 1888 4313; x_wconf 85' lang='lat' dir='ltr'>jus.</span> <span class='ocrx_word' id='word_1_313' title='bbox 1915 4238 1941 4272; x_wconf 74' lang='grc' dir='ltr'>ιι</span> 
     </span>
     <span class='ocr_line' id='line_1_37' title="bbox 594 4311 1941 4422; baseline -0.003 -31"><span class='ocrx_word' id='word_1_314' title='bbox 594 4316 638 4391; x_wconf 84' lang='lat' dir='ltr'>lit</span> <span class='ocrx_word' id='word_1_315' title='bbox 664 4313 727 4393; x_wconf 89' lang='lat' dir='ltr'>ille</span> <span class='ocrx_word' id='word_1_316' title='bbox 756 4318 965 4391; x_wconf 69' lang='lat' dir='ltr'>fontanam</span> <span class='ocrx_word' id='word_1_317' title='bbox 992 4340 1114 4393; x_wconf 90' lang='lat' dir='ltr'>totum</span> <span class='ocrx_word' id='word_1_318' title='bbox 1148 4316 1325 4422; x_wconf 85' lang='lat' dir='ltr'>detegere</span> <span class='ocrx_word' id='word_1_319' title='bbox 1353 4380 1364 4415; x_wconf 90' lang='lat'>,</span> <span class='ocrx_word' id='word_1_320' title='bbox 1400 4341 1442 4393; x_wconf 90' lang='lat' dir='ltr'>ut</span> <span class='ocrx_word' id='word_1_321' title='bbox 1471 4322 1509 4393; x_wconf 88' lang='lat' dir='ltr'>in</span> <span class='ocrx_word' id='word_1_322' title='bbox 1534 4311 1631 4393; x_wconf 88' lang='lat' dir='ltr'>cons</span> <span class='ocrx_word' id='word_1_323' title='bbox 1648 4320 1732 4391; x_wconf 87' lang='lat' dir='ltr'>icuo</span> <span class='ocrx_word' id='word_1_324' title='bbox 1761 4324 1888 4422; x_wconf 83' lang='lat' dir='ltr'>&amp;op</span> <span class='ocrx_word' id='word_1_325' title='bbox 1916 4348 1941 4379; x_wconf 75' lang='grc' dir='ltr'>κ</span> 
     </span>
     <span class='ocr_line' id='line_1_38' title="bbox 596 4345 1939 4532; baseline 0.001 -37"><span class='ocrx_word' id='word_1_326' title='bbox 596 4448 760 4528; x_wconf 90' lang='lat' dir='ltr'>portuno</span> <span class='ocrx_word' id='word_1_327' title='bbox 778 4420 866 4497; x_wconf 85' lang='lat' dir='ltr'>loeo</span> <span class='ocrx_word' id='word_1_328' title='bbox 884 4428 975 4532; x_wconf 85' lang='lat' dir='ltr'>erigi</span> <span class='ocrx_word' id='word_1_329' title='bbox 992 4422 1118 4530; x_wconf 82' lang='lat' dir='ltr'>potl&#39;et.</span> <span class='ocrx_word' id='word_1_330' title='bbox 1155 4425 1275 4529; x_wconf 81' lang='lat' dir='ltr'>Eques</span> <span class='ocrx_word' id='word_1_331' title='bbox 1292 4448 1419 4501; x_wconf 85' lang='lat' dir='ltr'>autem</span> <span class='ocrx_word' id='word_1_332' title='bbox 1439 4424 1502 4501; x_wconf 89' lang='lat' dir='ltr'>ubi</span> <span class='ocrx_word' id='word_1_333' title='bbox 1523 4429 1608 4532; x_wconf 85' lang='lat' dir='ltr'>igne</span> <span class='ocrx_word' id='word_1_334' title='bbox 1622 4345 1887 4499; x_wconf 65' lang='lat' dir='ltr'>labesaslatum</span> <span class='ocrx_word' id='word_1_335' title='bbox 1916 4454 1939 4486; x_wconf 68' lang='grc' dir='ltr'>ιι</span> 
     </span>
     <span class='ocr_line' id='line_1_39' title="bbox 594 4523 1941 4641; baseline 0.001 -37"><span class='ocrx_word' id='word_1_336' title='bbox 594 4527 921 4634; x_wconf 81' lang='lat' dir='ltr'>deprehendisset,</span> <span class='ocrx_word' id='word_1_337' title='bbox 947 4556 1103 4638; x_wconf 86' lang='lat' dir='ltr'>remque</span> <span class='ocrx_word' id='word_1_338' title='bbox 1119 4523 1263 4608; x_wconf 90' lang='lat' dir='ltr'>summo</span> <span class='ocrx_word' id='word_1_339' title='bbox 1282 4530 1456 4609; x_wconf 77' lang='lat' dir='ltr'>Pontifici</span> <span class='ocrx_word' id='word_1_340' title='bbox 1470 4526 1663 4641; x_wconf 82' lang='lat' dir='ltr'>aperuisset</span> <span class='ocrx_word' id='word_1_341' title='bbox 1681 4589 1693 4621; x_wconf 90' lang='lat'>,</span> <span class='ocrx_word' id='word_1_342' title='bbox 1712 4534 1891 4607; x_wconf 81' lang='lat' dir='ltr'>mittendi</span> <span class='ocrx_word' id='word_1_343' title='bbox 1916 4560 1941 4595; x_wconf 67' lang='grc' dir='ltr'>α</span> 
     </span>
     <span class='ocr_line' id='line_1_40' title="bbox 595 4635 1941 4715; baseline -0.001 0"><span class='ocrx_word' id='word_1_344' title='bbox 595 4635 734 4715; x_wconf 84' lang='lat' dir='ltr'>consilii</span> <span class='ocrx_word' id='word_1_345' title='bbox 753 4642 881 4714; x_wconf 59' lang='lat' dir='ltr'>aititur</span> <span class='ocrx_word' id='word_1_346' title='bbox 898 4635 983 4714; x_wconf 79' lang='lat' dir='ltr'>suit.</span> <span class='ocrx_word' id='word_1_347' title='bbox 1916 4669 1941 4704; x_wconf 62' lang='grc' dir='ltr'><em>α</em></span> 
     </span>
    </p>
   </div>
   <div class='ocr_carea' id='block_1_5' title="bbox 1649 4745 1775 4850">
    <p class='ocr_par' dir='ltr' id='par_1_9' title="bbox 1649 4745 1775 4850">
     <span class='ocr_line' id='line_1_41' title="bbox 1649 4745 1775 4850; baseline -0.032 -27"><span class='ocrx_word' id='word_1_348' title='bbox 1649 4745 1720 4823; x_wconf 66' lang='lat' dir='ltr'>uo</span> <span class='ocrx_word' id='word_1_349' title='bbox 1750 4747 1775 4850; x_wconf 80' lang='lat' dir='ltr'>i</span> 
     </span>
    </p>
   </div>
   <div class='ocr_carea' id='block_1_6' title="bbox 1697 4813 1720 4852">
    <p class='ocr_par' dir='ltr' id='par_1_10' title="bbox 1697 4813 1720 4852">
     <span class='ocr_line' id='line_1_42' title="bbox 1697 4813 1720 4852; baseline 0 0"><span class='ocrx_word' id='word_1_350' title='bbox 1697 4813 1720 4852; x_wconf 71' lang='grc' dir='ltr'><em>ὓ</em></span> 
     </span>
    </p>
   </div>
   <div class='ocr_carea' id='block_1_7' title="bbox 0 0 2216 5692">
    <p class='ocr_par' dir='ltr' id='par_1_11' title="bbox 0 0 2216 5692">
     <span class='ocr_line' id='line_1_43' title="bbox 0 0 2216 5692; baseline 0 6"><span class='ocrx_word' id='word_1_351' title='bbox 0 0 2216 5692; x_wconf 95' lang='lat' dir='ltr'> </span> 
     </span>
    </p>
   </div>
  </div>
 </body>
</html>
