4264 5684
468 372 523 454 ει
922 356 1104 452 Diadum
1134 355 1317 453 Italicum.

422 522 445 581 ¹,
470 518 553 569 tum
575 485 664 570 darc
683 491 911 589 novit,.nisr
938 495 1002 598 qui
1029 492 1163 573 didicit
1191 516 1202 575 ξ
1234 496 1360 602 quisve
1382 502 1525 612 remigii
1549 506 1693 616 ignarus
1713 539 1767 591 ta.

421 657 443 691 ,‚
470 626 545 682 tem
571 606 804 681 committere
824 596 993 711 fragilem
1012 600 1108 681 saevo
1123 600 1260 684 audeat
1275 629 1415 710 ponto?

418 768 441 800 ,,
521 709 594 788 Sed
613 714 788 815 quoniam
803 710 924 789 bonos
938 710 1142 790 lividorum
1160 716 1276 790 aculei
1291 716 1475 801 stimulare
1492 730 1623 805 acriter
1636 727 1769 828 solent,

418 876 441 910 ,,
466 822 636 898 nonnulli
653 820 786 923 quibus
805 848 907 898 mens
925 821 1051 900 insana
1071 818 1203 921 fuerat,
1222 821 1402 922 dissidere,
1423 833 1622 934 dissentire,
1637 865 1681 914 ac
1698 843 1769 919 ob.

416 986 440 1020 „
462 929 605 1036 jurgare
621 956 666 1006 ex
689 931 764 1008 hoc
783 935 994 1035 praclarum
1018 956 1192 1036 ceperunt
1209 932 1395 1011 Abbatcm
1416 976 1426 1023 a
1449 945 1512 1019 alii
1536 971 1620 1021 eum
1642 944 1768 1025 frustra

419 1095 440 1125 ,,
465 1037 502 1112 in
519 1040 625 1145 nugis
646 1036 743 1117 bona
761 1040 971 1117 Monastetii
992 1039 1156 1145 dissipate
1176 1079 1186 1126 ς
1210 1042 1274 1116 alii
1294 1070 1416 1121 autern
1434 1052 1538 1126 illum
1559 1055 1632 1130 hoc
1655 1059 1705 1133 ob
1729 1059 1768 1136 id

417 1204 439 1231 ,,
464 1171 592 1253 agere,
615 1144 874 1253 utaliquando
893 1175 977 1223 cum
998 1151 1087 1225 totis
1103 1151 1205 1227 libris
1225 1147 1372 1257 fugiens
1393 1157 1552 1263 aliquem
1565 1167 1768 1267 acquireret

415 1312 437 1342 .,
465 1255 727 1360 Episcopatum
744 1257 832 1352 fibi,
848 1256 1019 1333 instanter
1035 1254 1288 1346 ass'erebanu‘a
1305 1266 1440 1365 quibus
1462 1297 1567 1347 mens
1585 1298 1668 1346 mea
1683 1278 1768 1351 lon·

416 1420 436 1448 υ
463 1363 507 1469 ge
525 1365 644 1440 aliena
661 1362 757 1463 fuit,
773 1364 992 1471 semperque
1008 1364 1111 1470 quod
1130 1367 1271 1444 bonum
1291 1384 1328 1450 dc
1344 1402 1494 1477 aequum
1513 1376 1577 1455 sub
1596 1380 1668 1456 hoc
1687 1408 1766 1458 cte-

415 1527 436 1557 „
462 1470 561 1547 didit
587 1475 748 1579 negotio.
791 1476 865 1553 cui
888 1478 988 1580 operi
1019 1502 1065 1549 ex
1090 1475 1252 1553 Abbatis
1284 1478 1373 1578 jussu
1398 1487 1520 1564 Bonus
1546 1491 1700 1565 nomine
1727 1505 1765 1572 δι

415 1639 436 1669 ,,
462 1585 634 1686 cxemplo
657 1583 867 1658 Monachus
895 1609 939 1659 ex
956 1585 1116 1661 Erenrita
1137 1611 1306 1688 praerat,
1325 1594 1493 1669 omnium
1512 1598 1688 1703 dogmate
1707 1627 1765 1675 ar·

411 1737 434 1777 ,
462 1688 557 1762 tium
575 1690 739 1792 pesitus,
770 1691 832 1796 qui
854 1695 965 1767 etiam
987 1691 1134 1767 aestuans
1165 1720 1207 1770 ut
1233 1692 1376 1772 tantiun
1396 1702 1572 1779 librorum
1594 1708 1767 1809 exempla

413 1844 433 1879 u,
461 1796 672 1904 colligetet‚
693 1824 767 1874 non
786 1797 936 1875 curabat
952 1799 1136 1876 distinctas
1165 1813 1203 1879 δι
1228 1802 1376 1882 decoras
1401 1809 1566 1889 litteras:
1591 1806 1653 1886 scd
1671 1840 1765 1914 quo-

422 1939 434 1985 s
459 1902 653 2011 quomodo
671 1901 860 1985 formatas.
891 1910 1124 1984 Decreverat
1141 1910 1240 1985 enim
1259 1914 1449 2017 praedicitis
1464 1919 1592 1997 Abbas
1613 1919 1764 1999 eosdem

417 2054 437 2086 a
459 2010 665 2110 rescribere,
678 2025 713 2093 &
728 2017 764 2091 in
782 2042 894 2091 unum
917 2016 1154 2095 bibliotheca:
1173 2046 1306 2126 corpus
1320 2027 1502 2132 colligere.
1534 2027 1643 2105 Unde
1655 2029 1763 2135 quos-

413 2166 434 2198 a
458 2112 544 2195 dam
572 2147 616 2196 ex
632 2118 802 2200 fratribus
829 2122 996 2202 adversos
1016 2124 1138 2202 habeo
1164 2127 1214 2204 ob
1232 2131 1385 2206 nimiam
1414 2137 1659 2212 titulationem
1682 2167 1760 2218 non

410 2268 431 2310 a
457 2233 621 2307 valentes
640 2230 758 2335 legere
779 2232 892 2308 libros
913 2229 933 2308 d
953 2259 1014 2308 me
1034 2232 1196 2337 scriptos.

410 2372 431 2419 a
511 2336 627 2413 Nulla
647 2365 772 2415 autem
787 2343 967 2440 ecclesia,
999 2367 1070 2418 nec
1089 2343 1176 2420 urbs
1198 2407 1209 2441 ‚
1235 2372 1354 2452 neque
1377 2354 1590 2456 provincia,
1609 2352 1762 2456 taudem

406 2493 430 2525 ,a
456 2471 523 2521 nec
547 2442 624 2549 ipsa
645 2448 765 2523 Roma
786 2448 885 2525 orbis
911 2475 1057 2554 caput,
1085 2478 1202 2529 certet
1229 2455 1397 2533 laudibus
1421 2460 1623 2564 Pomposrce
1653 2466 1761 2568 copia

409 2602 430 2637 2,
455 2550 656 2631 fundorum
679 2554 871 2635 fortunatae
895 2557 1085 2634 librorum.
1132 2566 1229 2674 Qus
1247 2567 1361 2670 igitur
1389 2595 1466 2643 tam
1493 2563 1653 2666 ferreus,
1676 2574 1759 2674 quis

407 2711 430 2747 2,
456 2684 532 2739 tam
548 2666 725 2762 immitis,
747 2688 869 2742 tamve
890 2667 1039 2764 bestius,
1057 2679 1096 2746 oc
1114 2687 1246 2748 excors
1267 2675 1422 2775 quinon
1443 2703 1548 2780 optet
1570 2681 1760 2779 quiescere

409 2822 433 2859 ,,
455 2769 495 2845 in
516 2772 757 2875 Pompusiano
776 2774 927 2851 claustro
948 2774 967 2853 Ξι
985 2776 1135 2881 strepitu
1156 2779 1350 2857 mundana
1368 2785 1506 2887 pestis,
1535 2784 1597 2861 ubi
1623 2790 1760 2892 jugiter

408 2931 430 2961 ,,
454 2876 737 2978 edificationis,
762 2893 802 2962 δι
831 2882 1040 2960 salvationis
1069 2911 1230 2962 meretut
1259 2890 1459 2998 intelligere
1488 2895 1598 2971 verba
1619 2916 1631 2972 ἒ
1656 2898 1759 2971 Sicut

407 3037 429 3070 .‚
454 2987 555 3063 enirn
575 2988 710 3093 probos
728 3016 849 3066 mores
867 2992 1055 3096 colloquia
1074 3018 1314 3099 corrumpunt
1333 3025 1459 3101 prava:
1473 3001 1519 3077 stc
1537 2997 1557 3079 ὲ
1579 3006 1759 3080 converso

408 3147 430 3175 a
457 3094 555 3174 bona
576 3099 765 3201 colloquia
782 3102 898 3176 malos
918 3098 1102 3177 destruunt
1118 3131 1265 3199 mores,
1285 3106 1568 3211 immittuntque
1590 3104 1717 3187 bonos.

408 3254 430 3284 υ
511 3200 583 3280 Sed
602 3232 646 3281 ne
662 3206 728 3282 tibi
747 3234 875 3313 parum
895 3207 1061 3286 sufficete
1078 3208 1249 3289 videatur
1269 3210 1373 3315 quod
1394 3213 1441 3292 de
1459 3216 1558 3294 libris
1578 3246 1759 3299 memora·

409 3363 430 3393 .‚
455 3311 524 3407 vi,
550 3311 639 3389 libet
662 3319 774 3392 etiam
795 3315 949 3393 titulum
970 3316 1257 3423 uniuscujusque
1278 3321 1360 3397 libri
1382 3325 1573 3412 scribete;
1594 3356 1637 3405 ut
1653 3329 1760 3433 quod

408 3472 430 3502 ,.
456 3423 553 3522 puris
570 3447 643 3495 non
655 3422 773 3500 credis
792 3428 933 3521 verbis,
956 3423 1084 3503 saltem
1097 3426 1267 3504 fidelibus
1290 3430 1491 3532 subjectum
1514 3434 1641 3513 credas
1665 3468 1758 3516 ocu-

409 3581 430 3610 „
456 3529 510 3603 lis.
549 3526 632 3605 Nec
648 3534 746 3609 enim
764 3533 837 3611 hoc
856 3534 892 3609 in
912 3562 1045 3612 vanum
1065 3542 1192 3613 conati
1217 3535 1364 3626 sumus;
1388 3545 1564 3645 quoniam
1587 3547 1758 3622 accidere

412 3691 434 3723 ,,
456 3638 573 3740 potest
593 3663 634 3713 ut
656 3665 778 3720 ctrore
790 3644 919 3748 aliquis
937 3672 982 3720 ex
1001 3646 1057 3720 his
1078 3643 1276 3722 subtraditis
1294 3651 1449 3726 latenter
1467 3651 1561 3749 libet
1577 3656 1757 3732 oblivioni

411 3796 433 3828 ,,
456 3745 624 3822 tradatur
645 3783 655 3833 ;
682 3748 744 3826 sed
760 3755 915 3854 petlesla
943 3754 1013 3829 hac
1028 3755 1161 3859 pagina
1179 3751 1298 3833 fidelis
1323 3758 1499 3836 librorum
1521 3763 1641 3839 custos
1667 3791 1755 3841 cum

409 3907 431 3935 ,.
456 3849 649 3963 diligenter
670 3860 849 3959 inquirat,
871 3861 895 3936 sr
914 3856 1013 3938 forte
1035 3864 1094 3939 vel
1116 3888 1161 3940 ex
1182 3859 1375 3963 fratribus,
1396 3871 1457 3943 vel
1477 3866 1620 3947 advena
1642 3873 1756 3947 sustu-

409 4013 431 4042 „
456 3961 520 4057 lit,
534 3967 690 4042 armario
710 3966 918 4046 restituatur
937 3974 1127 4050 continuo.
1167 3973 1273 4051 Nota
1297 4002 1421 4052 autem
1444 3977 1602 4082 prudens
1625 3980 1756 4065 ledon

410 4119 434 4152 a
458 4071 662 4171 quiacitius
678 4095 719 4150 ut
735 4075 948 4184 dignoscere
962 4083 1080 4159 valeas
1092 4108 1402 4186 unumquemque
1414 4087 1562 4183 libmm,
1574 4090 1755 4189 quoniam

407 4228 431 4262 ,.
454 4180 577 4282 plures
598 4181 636 4258 in
655 4209 732 4258 uno
751 4188 941 4264 volumine
959 4186 1039 4267 sunt
1049 4228 1060 4279 ;
1073 4190 1307 4294 ubicumque
1324 4192 1441 4299 figura
1464 4199 1502 4270 in
1522 4197 1675 4273 modum
1692 4199 1755 4271 lit-

408 4336 432 4369 .
457 4305 582 4366 teraer
602 4302 842 4397 &quotquot
864 4296 964 4373 tituli
986 4302 1081 4377 intra
1101 4319 1130 4381 T
1154 4312 1192 4379 dc
1212 4316 1238 4378 Γ
1257 4304 1489 4379 continentur
1517 4307 1554 4381 in
1575 4334 1653 4383 uno
1673 4331 1754 4382 tan-

410 4442 429 4469 ·.
454 4418 536 4471 tum
554 4395 687 4476 adsunt
706 4407 861 4480 connexi
878 4406 1077 4485 volumine.
1113 4409 1337 4486 Hocautetn
1355 4409 1460 4515 quod
1483 4408 1529 4487 de
1547 4417 1625 4491 vita
1640 4413 1750 4490 sanfli

409 4550 430 4583 ι
457 4510 523 4582 viti
550 4508 770 4615 Hieronymi
795 4513 958 4590 ‘Abbatis
986 4516 1107 4620 deque
1129 4516 1283 4596 fratrum
1307 4547 1458 4595 nurnero
1489 4536 1527 4601 δι
1555 4522 1600 4598 de
1630 4526 1749 4601 Ercmi

407 4658 431 4693 υ
454 4622 690 4721 amenitate,
705 4634 742 4701 dc
761 4624 962 4704 totiusloti
979 4623 1141 4708 aedificiis
1153 4665 1164 4718 3
1180 4632 1315 4734 quavis
1337 4631 1372 4709 in
1391 4630 1515 4709 libello
1535 4657 1644 4734 quem
1663 4658 1748 4737 pto·
