4414 5692
970 601 972 604 ψ
997 480 1127 601 Capiti
1146 468 1378 602 ‘iigefim
1393 500 1589 606 primm.
1871 507 1923 599 313

657 589 805 676 Plinius
813 590 935 695 junior
945 598 990 676 in
1004 597 1142 680 codice
1160 627 1241 680 xiv.
1261 597 1393 684 iaecult

659 713 787 784 Taciti
805 701 933 784 codex
952 733 1097 789 recens.

657 825 704 893 L.
723 822 826 917 yenit
850 814 1041 897 Moderati
1060 818 1263 902 columella
1277 819 1392 905 dere
1408 822 1547 905 rustica
1562 888 1576 927 ‚
1592 821 1726 906 codex
1753 851 1835 932 250.
1854 848 1922 904 an·

602 947 759 1003 florum.

640 1034 840 1146 instram·
851 1035 1135 1121 Grammatica
1151 1040 1307 1124 codices
1324 1066 1402 1125 tres
1420 1048 1640 1158 perantiqui
1664 1068 1813 1129 x1.aut
1831 1074 1857 1126 x
1868 1075 1883 1125 1
1895 1073 1921 1125 r.

600 1135 746 1226 saectrii:
763 1147 805 1224 in
830 1147 1003 1256 quodam
1020 1174 1157 1233 eorum
1174 1152 1258 1235 baec
1274 1159 1447 1236 carmina
1462 1153 1654 1268 iegrmtur

754 1330 813 1403 M
813 1351 831 1399 e
849 1320 944 1432 legat
961 1337 1133 1435 antiquas
1151 1341 1215 1437 qui
1230 1326 1312 1409 vult
1325 1325 1472 1435 pensem
1490 1327 1648 1438 loquelas
1663 1369 1675 1408 .-

819 1444 894 1544 Q'
911 1463 966 1512 me
982 1436 1217 1550 nonfeqaitur
1228 1434 1424 1551 ,eihstete
1436 1434 1510 1550 lege
1527 1436 1633 1550 loqui.

655 1592 958 1674 Commentario
975 1599 1015 1677 in
1035 1594 1268 1677 Priscianum
1286 1626 1366 1679 xiv.
1383 1591 1517 1679 saecuii

658 1703 902 1816 Damascenis
921 1707 1049 1818 Mesae
1066 1736 1146 1789 xiv.
1165 1704 1299 1790 stcuii

660 1812 775 1897 liber
784 1813 875 1925 Ras
882 1844 921 1909 s,
956 1830 995 1894 ai
1009 1817 1140 1898 dicitur
1160 1819 1430 1933 Almanfiirius,
1448 1845 1476 1897 a
1493 1820 1922 1930 magistroGirardrzCre-

601 1924 753 2115 Zetucpi
760 1948 831 2031 apa
864 1846 1028 2007 Tedium
1046 1926 1292 2029 nanstatasex
1303 1928 1494 2012 Arabico-.-
1508 1926 1749 2012 -codexxrrr,
1760 1954 1827 2011 aut
1842 1959 1922 2011 xiv.

650 2063 672 2114 c
714 2063 737 2116 1.

658 2146 811 2260 Virgilii
830 2147 958 2230 codex
975 2146 1267 2264 elegantissimus
1293 2176 1330 2231 x
1348 2143 1494 2252 saculi,
1509 2151 1924 2232 cumannotationibus

598 2253 791 2340 brevibus.
813 2258 921 2340 Alius
936 2264 1031 2342 item
1050 2263 1177 2345 codex
1195 2257 1363 2375 ejusdem
1375 2289 1520 2344 recens.

655 2378 777 2453 Servii
793 2371 1090 2455 Commentaria
1102 2367 1799 2486 inVirgilium‚codexscriptusanno
1812 2402 1924 2480 1007.

598 2502 646 2583 ut
663 2483 705 2560 in
720 2480 797 2564 fine
816 2506 986 2564 notatur.

657 2588 834 2702 Ejusdem
854 2613 1022 2706 quatuor
1037 2593 1102 2676 aiii
1118 2594 1271 2677 codices
1280 2614 1476 2697 recentes,
1487 2620 1654 2705 quorum
1663 2621 1760 2676 unus
1770 2592 1924 2707 praefert

597 2729 749 2785 annum
770 2713 875 2809 1462.

655 2825 826 2901 Donatus
841 2821 883 2897 in
899 2815 1127 2931 Virgilium,
1137 2814 1264 2898 codex
1277 2846 1338 2897 xv.
1353 2811 1487 2897 fitcuii.

657 2926 1021 3024 Martiale‚codex
1039 2957 1101 3008 xx.
1117 2925 1251 3010 saculi

656 3040 828 3120 Decimo
845 3043 985 3151 quinto
998 3036 1135 3121 seculo
1155 3066 1244 3121 cum
1261 3037 1478 3120 litterarum
1489 3037 1613 3118 studia
1620 3064 1691 3150 per
1700 3038 1851 3120 Italiam
1861 3066 1922 3119 re-

599 3145 854 3253 viviscerent,
874 3154 1098 3264 Latinaeque
1118 3150 1256 3265 linguae
1273 3144 1384 3251 usus,
1400 3148 1550 3259 jamdiu
1570 3152 1724 3253 vitiata,
1741 3138 1922 3233 externis-

601 3287 680 3370 que
696 3260 853 3340 vocibus
872 3258 1023 3343 foedata
1038 3261 1195 3375 pristina
1210 3259 1278 3341 illa
1295 3259 1439 3341 sincera
1467 3263 1515 3343 ue
1534 3259 1757 3374 elegantia,
1781 3260 1830 3343 ab
1849 3259 1921 3339 ho.

598 3369 769 3452 minibus
785 3367 895 3483 prisci
911 3370 1052 3483 saporis
1072 3441 1084 3476 ,
1101 3379 1142 3454 in
1158 3374 1430 3487 primigenium
1440 3289 1593 3454 ciiatum
1613 3367 1746 3453 seusun
1760 3372 1921 3453 reduce-

601 3506 710 3564 retur
725 3529 736 3589 5
769 3508 936 3565 oannem
956 3483 1178 3566 Tortelium
1194 3485 1405 3577 Aretinum
1416 3481 1507 3564 dico
1526 3549 1538 3586 ,
1554 3481 1767 3565 Nicolaum
1784 3485 1921 3563 Perot-

600 3618 710 3696 tum,
798 3593 929 3707 gelum
944 3595 1180 3676 Politianum
1198 3657 1211 3689 ‚
1230 3591 1478 3674 Ambrosium
1496 3588 1834 3675 Camalduiensem
1852 3659 1864 3695 ‚
1883 3599 1924 3672 bc

587 3702 698 3791 ⁸alios
719 3703 965 3808 3litterarum
983 3702 1124 3787 sortem
1151 3703 1309 3816 sequuta
1327 3698 1517 3795 scribendi
1539 3711 1579 3785 δι
1600 3702 1718 3785 libros
1736 3700 1922 3786 exarandi

600 3818 703 3897 ratio
722 3880 733 3912 ,
750 3843 833 3926 qua:
850 3819 890 3895 in
910 3817 1135 3929 perplexam
1153 3883 1164 3916 ‚
1182 3810 1411 3924 infinitisque
1428 3812 1777 3905 abbreviationibus
1794 3811 1922 3925 impli-

598 3949 734 4006 catam
751 3923 1017 4009 charaeierum
1038 3926 1202 4039 figuram
1221 3923 1433 4006 deflexerat
1451 3970 1462 4028 3
1488 3948 1579 4007 ante
1606 3948 1787 4006 exortum
1807 3948 1922 4036 typo·

590 4034 772 4150 'graphia
791 4103 803 4140 ,
821 4042 862 4118 in
881 4037 1115 4150 pulcriorem
1129 4034 1314 4118 exarandi
1332 4031 1450 4114 libros
1465 4037 1583 4115 ritum
1600 4035 1766 4116 dedudia
1784 4100 1795 4137 ,
1813 4043 1854 4116 iic
1869 4033 1922 4114 ad

602 4173 786 4227 normam
801 4148 982 4230 codicum
1003 4151 1130 4229 octavi
1146 4156 1186 4229 ὅ(
1205 4148 1298 4225 noni
1313 4140 1457 4245 ficui,
1476 4145 1635 4226 modico
1653 4145 1923 4227 intercedente

604 4252 822 4339 discrimine
841 4326 852 4361 ,
872 4259 1045 4341 restituta
1059 4256 1144 4339 fuit.
1172 4259 1370 4338 innumeri
1386 4250 1473 4336 sane
1490 4257 1570 4364 ejus
1586 4252 1721 4337 formae
1738 4253 1891 4336 codices
1910 4322 1922 4357 ,

600 4367 826 4450 curantibus
841 4375 1009 4452 maxime
1026 4372 1236 4452 Laurentio
1256 4374 1296 4448 bc
1314 4360 1842 4477 CosmaMediceis‚aiiisque
1853 4391 1923 4477 per

603 4476 759 4560 Italiam
778 4480 1011 4594 principibus
1028 4472 1232 4591 conscripti
1246 4470 1341 4560 sunt.
1376 4474 1454 4560 Sub
1479 4474 1563 4558 haec
1584 4500 1721 4559 exorta
1739 4500 1924 4587 typorum

600 4615 662 4669 ars
681 4614 730 4671 ex
755 4588 973 4699 hujufinodi
995 4589 1193 4673 codicibus
1217 4587 1439 4700 exemplum
1467 4587 1637 4670 cudendi
1664 4610 1842 4668 mutuata
1857 4585 1922 4668 esi

602 4703 714 4781 Hinc
721 4695 767 4778 fit
775 4700 1121 4785 utinbibliothecis
1131 4698 1357 4815 insignibus,
1371 4697 1509 4781 talium
1518 4698 1700 4781 codicum
1708 4725 1853 4812 magna
1867 4700 1923 4780 vis

602 4833 837 4923 compareat.
1696 4923 1734 5003 R

1747 4948 1764 4997 r
