4422 5692
3 581 68 656 mia
83 579 128 661 (Ji

13 689 125 768 uliculu

4 801 121 882 tlirmii

0 957 4 995 t
35 920 118 998 Cssltll

40 1147 114 1223 intra

6 1254 110 1337 liema-

18 1366 105 1448 libus:

0 1474 101 1583 nied

10 1734 18 1751 ’
32 1700 97 1781 dux

0 1846 40 1897 m
50 1836 91 1891 at-

1 1959 31 2009 'ae
50 1951 89 2005 ex

1 2032 82 2121 inse·

6 2186 16 2235 ι
33 2155 78 2230 in-

1017 484 1142 599 Caput
1170 469 1429 562 undecimum.
1797 508 1853 597 ¹53

566 596 723 676 veniunt
737 600 852 674 animi
867 590 993 698 causa,
1020 595 1071 674 ibi
1100 626 1146 678 ue
1164 597 1263 677 diem
1283 620 1409 706 agunt.
1430 599 1754 706 Frequentiusegu
1774 602 1853 676 adi
1876 627 1899 665 α

565 708 602 779 vi
622 703 771 805 locum,
791 704 941 810 vidique
961 732 982 783 e
1011 628 1192 813 itapilrium
1207 711 1426 812 antiquum,
1447 703 1549 811 quod
1562 699 1610 782 ser
1626 708 1728 783 uiore
1750 699 1852 786 lieeu-
1874 737 1898 773 u

564 810 603 885 lo
646 814 823 891 avimenti
844 807 931 886 loco
955 732 1007 889 ad
1025 836 1278 892 memoratum
1307 808 1452 890 fontem
1479 734 1674 907 immilliun
1711 810 1849 891 fuerat:
1872 844 1896 882 u

561 837 750 1026 itrliriptio
768 941 895 997 autem
916 914 1059 999 ferebat
1077 918 1225 1000 fontem
1235 922 1374 1043 Egerit
1384 915 1472 1017 elle,
1484 915 1729 1028 nymplrilipue
1747 919 1850 999 dedi
1870 953 1894 984 u

561 1047 698 1102 catum.
715 1025 768 1103 Ut
784 1041 907 1136 po'eta’
926 1024 1157 1128 fabulantur,
1171 1033 1303 1140 Egeria
1320 1024 1388 1104 fuit
1407 1029 1540 1105 Diana·
1559 1026 1746 1134 rumpha,
1767 1057 1847 1136 qua
1869 1060 1893 1094 u

563 1130 654 1209 ciun
673 1130 829 1212 fratrem
848 1140 1037 1244 proprium
1063 1136 1274 1245 deperiret,
1293 1138 1356 1241 qui
1375 1157 1455 1211 tum
1468 1110 1597 1241 procul
1611 1131 1845 1232 versabatur,
1868 1167 1892 1199 t<

563 1263 609 1315 ac
633 1236 788 1346 stylum,
806 1265 847 1320 ut
865 1241 968 1320 fratri
992 1238 1229 1343 rescriberet,
1254 1237 1469 1350 aceepill'et,
1486 1246 1523 1318 in
1547 1266 1690 1320 tantum
1725 1241 1843 1351 laery.
1866 1275 1890 1308 ει

563 1371 709 1424 marum
736 1352 812 1426 vim
831 1355 954 1459 erupit
978 1416 988 1449 ,
1018 1374 1060 1427 ut
1078 1346 1249 1430 miserata
1266 1352 1392 1428 Diana
1419 1346 1612 1428 dolentem
1632 1355 1784 1428 verterit
1805 1355 1842 1428 in
1865 1381 1889 1417 u

561 1449 718 1533 fontem.
738 1458 975 1566 Epitaphium
1001 1483 1128 1537 autem
1154 1478 1406 1536 memoratum
1435 1455 1603 1555 indicat,
1633 1451 1745 1566 ipsum
1772 1457 1841 1539 ell'e
1864 1488 1888 1524 u

560 1556 706 1640 fontem
726 1566 764 1640 in
780 1592 893 1671 quem
911 1569 1040 1675 Egeria
1060 1587 1295 1644 commutata
1311 1563 1375 1643 est.
1864 1596 1888 1631 u

615 1672 658 1747 In
676 1669 970 1780 villaJulliniana
990 1672 1109 1753 exstat
1124 1678 1254 1784 ingens
1273 1671 1363 1782 lapis
1380 1671 1543 1780 quadrus
1553 1668 1755 1772 solidamur
1766 1703 1842 1783 quo

560 1770 702 1887 sculpta
720 1776 800 1856 lraec
828 1780 904 1858 duo
922 1781 1053 1860 Ovidii
1077 1808 1244 1861 carmina
1261 1775 1353 1860 sunt.

612 1991 992 2094 neormam)
1018 1994 1839 2105 esrovnrruntntrnouns

611 2098 974 2181 ornortnrn
1008 2105 1354 2185 ennomus.
1383 2104 1530 2183 lLLA
1558 2103 1786 2185 urnae

612 2205 924 2291 coniunx
949 2213 1645 2319 eousrtrvnovnfvtr.

559 2401 636 2506 Qui
651 2397 740 2509 lapis
759 2400 908 2481 videtur
925 2431 971 2484 ex
985 2402 1120 2485 eodem
1140 2406 1279 2514 Egeriae
1289 2400 1408 2505 fonte,
1425 2428 1490 2483 aut
1508 2402 1584 2509 ejus
1594 2405 1739 2501 vicinia,
1749 2400 1841 2482 istuc

557 2532 825 2617 comportatus.
858 2515 936 2590 Hic
961 2517 1087 2621 itaque
1116 2510 1200 2590 fons
1223 2516 1363 2622 Egerire
1391 2511 1585 2621 nvmplrae,
1609 2539 1689 2618 qua
1700 2508 1841 2588 famosa

554 2613 647 2692 olim
674 2613 744 2694 fuit
762 2616 912 2727 vulgati
930 2617 992 2697 illd
1011 2645 1124 2729 atque
1145 2620 1403 2699 commentitii
1421 2609 1516 2697 'cum
1536 2623 1668 2696 Numa
1686 2620 1838 2728 Pompi-

554 2719 604 2798 lio
625 2720 900 2806 consuetudine.
921 2726 1004 2806 istic
1019 2732 1110 2807 item
1126 2752 1206 2815 erat
1221 2725 1323 2806 lucus
1337 2731 1476 2837 Egeriae
1490 2736 1527 2804 ὃ(
1546 2727 1837 2825 Carnoenarum,

554 2831 720 2938 itemque
744 2835 1013 2913 Came-narum
1029 2862 1254 2945 pag1153qtio
1275 2831 1432 2932 loco,ut
1446 2832 1665 2926 aestimatur,
1684 2831 1750 2909 sita
1758 2833 1836 2939 jam

553 2935 607 3015 est
631 2943 663 3017 S.
688 2938 831 3017 Urbani
857 2942 1032 3042 ecclesia,
1058 2939 1176 3051 spoliis
1198 2939 1330 3050 templi
1353 2944 1487 3020 Martis
1508 2962 1652 3017 ornatu.

614 3048 640 3122 F
653 3073 675 3124 t
689 3073 760 3126 nu
776 3077 787 3123 1
803 3076 829 3125 u
848 3077 929 3128 ros
964 3056 1163 3127 Vacca.
1187 3053 1230 3127 ln
1253 3052 1362 3125 vinea
1386 3047 1408 3124 e
1431 3052 1584 3158 regione
1608 3049 1640 3123 S.
1661 3042 1836 3123 Sebastia-
1858 3083 1881 3119 u

553 3156 589 3229 ni
609 3150 694 3252 sita,
717 3159 871 3232 memini
888 3179 1052 3263 repertas
1068 3151 1167 3232 suille
1187 3154 1464 3233 statuasmultas
1482 3154 1648 3261 quodam
1674 3160 1710 3227 in
1726 3150 1834 3249 locu,
1857 3192 1881 3225 <t

552 3260 653 3363 eujus
673 3265 928 3370 pavimentum
950 3263 1214 3341 ornatillimum
1240 3285 1321 3341 erat
1349 3260 1596 3341 marmoribus
1620 3262 1745 3358 variis,
1766 3256 1833 3338 tes-
1857 3299 1882 3334 u

551 3362 680 3445 sellato
700 3390 813 3487 attpte
833 3369 995 3478 eleganti
1018 3396 1141 3478 opere.
1162 3369 1224 3447 Ad
1246 3370 1344 3469 haec,
1361 3364 1580 3447 numismata
1602 3365 1696 3444 bene
1716 3364 1835 3444 multa
1857 3407 1881 3441 u

550 3477 636 3583 igne
665 3473 887 3555 labelaeiata
905 3513 912 3553 :
931 3477 1069 3554 musiva
1091 3482 1182 3555 item
1209 3502 1350 3585 opera,
1380 3472 1442 3553 sed
1461 3503 1507 3554 ex
1536 3503 1645 3552 muro
1662 3469 1832 3581 collapsa.
1856 3515 1880 3549 u

549 3584 643 3659 Non
664 3608 756 3693 puto
776 3610 955 3693 magnum
973 3578 1073 3661 fuille
1090 3581 1307 3681 edificium,
1324 3577 1386 3660 sed
1412 3581 1631 3689 pulchrum,
1653 3604 1833 3688 aequeor-
1856 3621 1879 3655 u

550 3697 734 3769 numentis
749 3695 856 3767 varii>
877 3692 1110 3771 decoratum.
1856 3729 1879 3762 u

614 3798 730 3876 Haud
753 3799 905 3907 procul,
924 3794 1085 3878 secundo
1108 3796 1154 3875 ab
1170 3794 1273 3875 Urbe
1292 3793 1528 3894 milliari‚vii
1545 3795 1687 3903 Appia,
1701 3793 1755 3873 est
1771 3821 1832 3875 ec-

549 3902 657 3982 clesia
681 3909 713 3983 3.
733 3905 957 4004 Seballiuni,
985 3910 1155 3983 omnium
1185 3899 1352 3982 sermone
1382 3900 1582 3981 celebrata.
1609 3900 1664 3980 lbi
1690 3929 1829 3982 etente-

547 4016 682 4090 terium
706 4010 860 4090 Callixti
880 4010 1215 4091 celeberrimum&
1234 4006 1629 4088 catacumbaelbidem
1645 4033 1707 4107 ,ut
1721 4013 1829 4117 igno-

550 4142 606 4194 rat
628 4147 762 4219 nem0‚
778 4119 897 4198 multa
914 4123 971 4198 SS.
994 4124 1205 4223 Martyrum
1225 4116 1341 4194 millia
1370 4111 1532 4223 sepulta,
1569 4113 1676 4191 multi
1698 4113 1829 4192 linnmi

547 4225 756 4306 Pontifices.
785 4225 1020 4306 Catliedtam
1048 4224 1124 4303 istie
1154 4223 1340 4332 lapideam
1372 4226 1404 4299 S.
1435 4220 1614 4329 Stephani
1652 4223 1761 4327 Papae
1791 4230 1829 4297 ἃ

544 4332 724 4438 Marti-rit
743 4333 921 4430 vidimm,
952 4360 1063 4438 quam
1087 4330 1187 4407 lraud
1207 4334 1259 4407 ita
1280 4327 1426 4437 pridem
1454 4331 1693 4405 Innocentius
1713 4331 1781 4406 XI
1800 4331 1827 4404 l.

546 4437 650 4514 dono
667 4438 771 4518 dedit
795 4442 1023 4519 Sereuiffimo
1042 4444 1187 4545 Magno
1200 4440 1388 4515 Hetruriae
1398 4438 1522 4533 Duci,
1541 4438 1603 4540 qui
1625 4433 1827 4540 pretiosrffi-

543 4549 593 4622 mi
606 4545 942 4644 timeliiloeo‚tale
960 4573 1092 4621 munus
1103 4542 1564 4647 babuit,Florentiamque
1576 4544 1660 4618 velli
1673 4544 1827 4617 curavit.

544 4651 660 4764 Qrod
679 4651 904 4733 cadaverum
928 4675 1194 4759 meatuumque
1230 4655 1344 4730 ritum
1364 4643 1568 4758 seriemque
1598 4642 1753 4755 spalat,
1775 4650 1827 4724 vi-
