4060 5700
320 479 374 560 30
768 434 949 536 Diarium
972 436 1155 535 Italicum.

321 578 481 681 legeret,
500 569 716 654 &fabulam
738 572 859 677 sapere
875 575 1017 655 videtur
1036 573 1138 681 quod
1158 575 1283 673 aiunt,
1304 577 1380 656 hoc
1397 596 1616 675 nomeu,re'·

320 706 464 787 petrum
489 677 633 758 duobus
653 681 687 755 in
707 682 817 774 locis,
831 680 952 759 statim
974 680 1166 760 evanuisse.
1197 685 1402 790 Disputant
1421 688 1553 789 pariter
1570 685 1616 762 de

320 783 497 897 sanguine
509 786 933 897 S.Augustini,aiuntque
947 818 993 867 ex
1006 816 1116 895 prave
1128 793 1312 871 intelleclo
1324 795 1458 869 Leonis
1472 794 1615 870 Ollicu-

318 893 361 973 fis
381 899 466 973 loco
484 921 564 972 earn
585 896 797 999 opinionem
819 894 1017 990 emanasse,
1045 924 1125 1002 qua:
1152 924 1199 972 ne
1216 904 1289 978 veri
1319 898 1471 1002 quidem
1492 900 1615 976 sunilis

318 1002 380 1079 est.
411 1002 505 1081 Non
522 1000 653 1079 desunt
670 1025 792 1086 autem
812 1004 874 1105 qui
895 1002 1022 1081 dicant
1035 1030 1165 1107 corpus
1185 1004 1221 1080 S.
1238 1005 1429 1115 Augustini
1449 1034 1522 1081 non
1542 1010 1616 1107 jam

319 1109 469 1207 Ticini,
489 1105 552 1187 sed
568 1110 757 1188 Mortatiae
776 1106 865 1208 else,
889 1139 962 1218 quo
979 1107 1052 1188 fuit
1072 1113 1164 1188 olim
1181 1136 1438 1215 exportatum:
1464 1117 1520 1186 alii
1550 1141 1615 1188 au-

316 1240 395 1294 tem
413 1211 576 1293 fatentur
594 1213 746 1322 quidem
765 1214 838 1293 esse
855 1219 999 1316 Ticini,
1020 1216 1084 1294 sed
1107 1219 1147 1294 in
1174 1220 1331 1297 Ecclesia
1360 1220 1394 1296 S.
1420 1220 1613 1314 molliora,

316 1349 396 1427 quo
411 1325 494 1400 loco
510 1321 744 1401 reconditum
757 1318 828 1399 suit
848 1351 931 1403 orm
941 1328 1151 1403 immineret
1160 1327 1324 1403 Gallicus
1337 1353 1473 1404 merus:
1488 1352 1616 1401 verum

316 1432 398 1509 haec
410 1455 547 1539 negant
559 1429 963 1536 PatresAugustiniani.
991 1430 1617 1535 AudioBenedislinumquemdam

316 1537 567 1616 Caffinensem
585 1564 679 1644 opus
696 1533 848 1615 edidisse
868 1536 1066 1644 probanda:
1078 1542 1221 1617 veritati
1243 1544 1477 1643 reliquiarum
1494 1576 1505 1623 a
1527 1535 1617 1615 elle-

317 1673 392 1751 que
407 1670 536 1723 contra
551 1670 596 1721 ex
611 1644 886 1753 Augustinianis
899 1642 1110 1752 quemdam,
1123 1647 1187 1751 qui
1205 1672 1316 1754 neget
1330 1673 1517 1754 germanas
1535 1641 1616 1723 elle.

372 1755 468 1832 Haec
494 1746 654 1829 ediscere
678 1754 780 1829 licuit
808 1774 887 1829 tum
910 1780 954 1831 ex
982 1750 1160 1858 rescriptis
1184 1755 1226 1830 in·
1253 1779 1447 1856 utramque
1475 1778 1617 1857 pattena

315 1858 446 1957 editis,
470 1883 551 1934 cunr
574 1886 620 1934 err
639 1861 821 1936 variorum
841 1887 1006 1958 narratu,
1028 1864 1070 1937 lis
1090 1857 1213 1937 adhuc
1234 1855 1371 1964 pendet
1395 1854 1615 1959 subjudice.

316 1966 549 2075 Rogantibus
576 1991 616 2041 ut
639 1968 765 2044 liceret
790 1993 833 2042 ea
850 1994 932 2070 qua:
952 1993 1092 2071 reperta
1110 1964 1255 2044 fuerant
1270 1965 1420 2062 videre,
1443 1990 1617 2073 negatum

316 2072 389 2152 i'd:
415 2097 540 2151 verum
562 2074 774 2150 Monasterii
800 2076 903 2150 Prior
928 2076 1040 2152 nobis
1069 2073 1168 2150 dono
1193 2075 1330 2150 obtulit
1356 2074 1526 2177 rescripta
1552 2100 1617 2177 pro

316 2183 472 2259 veritate
491 2179 748 2281 Reliquiarum
774 2206 889 2282 nuper
907 2181 1019 2280 cusa,
1047 2184 1169 2259 locum
1193 2179 1455 2257 tantummodo
1477 2180 1617 2256 subter-

315 2311 465 2364 raneum
486 2283 662 2390 inspicere
680 2284 886 2363 concellum
908 2288 969 2363 est

370 2397 476 2472 Hinc
499 2390 546 2467 ad
566 2395 763 2470 Ecclefiam
789 2392 1289 2503 Barnabitarum'pergimus,
1312 2420 1393 2497 quae
1415 2393 1617 2473 architello

314 2502 563 2578 celeberrimo
581 2502 772 2576 Bramante
784 2504 942 2596 Lazaro,
962 2528 1005 2578 ut
1024 2501 1164 2578 ibidem
1185 2501 1360 2606 scripturn
1381 2501 1535 2603 legitur,
1551 2529 1617 2578 cx-

315 2606 493 2686 aedificata
519 2600 589 2682 suit
612 2607 775 2715 singulari
798 2605 938 2704 sornra,
956 2636 1041 2685 nam
1066 2611 1101 2684 in
1127 2610 1201 2685 ima
1223 2633 1325 2712 parte
1348 2606 1487 2711 quadra
1508 2607 1619 2702 est‚a

313 2712 440 2791 medio
459 2715 660 2819 ollangula.
698 2716 822 2819 Qam
843 2713 1007 2821 proxime
1040 2718 1102 2793 fita
1122 2718 1172 2793 cst
1199 2720 1315 2819 platea
1336 2740 1447 2818 quana
1469 2741 1617 2818 parvam

312 2846 543 2927 nuncupant,
563 2819 628 2894 ubi
646 2819 762 2897 statua
781 2824 952 2925 equestris
971 2852 1065 2901 anea
1084 2828 1233 2926 antiqua
1251 2822 1386 2899 visatur.
1416 2826 1540 2929 Vulgo
1559 2820 1617 2897 di-

316 2953 406 3005 cunt
426 2926 495 3006 ess‘e
519 2929 696 3002 Antonini
711 2930 782 3034 pii,
800 2954 838 3005 at
857 2930 905 3007 ell
923 2930 994 3005 stne
1015 2928 1131 3007 dubio
1147 2934 1204 3010 M.
1218 2931 1359 3008 Aurelii
1379 2965 1390 3008 :
1416 2956 1485 3033 qua
1512 2929 1560 3005 de
1578 2954 1619 3003 re

315 3037 554 3112 neminimus
574 3032 724 3135 quidem
748 3035 934 3143 scrupulus
954 3037 1108 3118 haerebit
1130 3040 1202 3133 iis,
1229 3043 1294 3141 qui
1313 3039 1371 3113 vel
1392 3035 1618 3113 mediocrem

311 3139 578 3220 numismatum
607 3166 851 3247 veterumque
868 3144 1066 3222 statuarum
1103 3147 1276 3221 notitiam
1298 3146 1388 3222 ualli
1407 3139 1554 3219 fiacriur.

712 3458 999 3544 Cauur
1086 3456 1221 3540 III.

317 3611 503 3748 Profeslio
517 3620 732 3705 Mutinam.
761 3609 985 3707 Bibliotheca
996 3620 1118 3707 Ducis
1129 3609 1377 3737 Mutinensss;
1378 3609 1501 3745 fhntes
1512 3622 1617 3704 Mu-

380 3743 547 3876 rinenses.
589 3749 864 3874 Monaslerium
891 3740 1256 3874 padolironenftff
1278 3758 1355 3865 ejus
1374 3737 1608 3833 Bibliotheca.

379 3882 459 3966 Iter
488 3882 539 3970 V
531 3885 677 3966 ennias.
733 3875 929 4007 Mufhum
961 3882 1198 3967 Grimanum.
1252 3870 1440 4006 Inscriptio
1471 3868 1617 4001 elegans

377 4007 551 4130 restituta.
587 4002 810 4098 Bibliotheca
838 4012 875 4096 S.
894 4011 1040 4095 Marci.
1083 4005 1272 4134 Inscriptio
1295 3998 1413 4093 altera
1434 4006 1613 4127 restituta.

379 4132 602 4355 Billilotlaeca
627 4136 888 4273 Archirpiscopi
910 4143 1126 4229 Graecorum.
1176 4143 1267 4225 Item
1288 4125 1532 4270 SS.Joannis
1558 4163 1615 4241 (γ

385 4275 472 4364 Pau
488 4277 512 4355 i.

435 4424 850 4504 Icauna-raam
872 4427 955 4514 Julii
978 4422 1224 4520 Placentiam,
1241 4434 1279 4501 dt
1297 4422 1509 4528 insequente
1532 4418 1615 4495 Par·

435 4559 560 4624 nram,
579 4529 644 4607 ubi
665 4533 702 4607 in
713 4533 934 4611 Monasttrio
954 4534 989 4610 S.
1003 4530 1393 4640 JoannisEuangelillae
1413 4558 1497 4606 cunr
1518 4531 1614 4602 nulla

325 4667 402 4721 raon
420 4638 655 4722 observantiae
666 4653 705 4723 δι
718 4644 975 4726 benevolentiae
989 4640 1250 4751 significatione
1265 4639 1314 4721 ad
1326 4635 1532 4746 hospitium
1551 4635 1616 4713 ad·
