4422 5692
1003 441 1126 554 Caput
1150 425 1339 517 decimum
1362 418 1554 551 quintum.
1863 467 1945 548 ²07

653 560 733 636 imo
751 558 789 634 in
809 577 949 635 terram
968 553 1099 633 delixa:
1118 618 1128 652 ,
1148 579 1192 632 ea
1216 550 1334 628 solum
1350 575 1459 659 parte
1478 551 1726 658 prominent,
1760 579 1834 657 qua
1858 585 1945 638 cum

655 668 795 743 ceteris
811 687 1017 769 aequentur.
1041 665 1146 738 Hinc
1160 687 1386 766 auguramur
1404 687 1481 735 non
1502 684 1591 735 cura
1610 656 1843 737 Diocletiani
1854 663 1944 744 istuc

653 801 698 851 ex
717 775 890 881 AEgypto
912 794 1166 876 comportatas
1185 833 1195 865 ,
1221 762 1284 844 sed
1301 792 1346 844 ex
1363 766 1441 844 aliis
1460 761 1818 846 delumtasaedilieiis
1832 767 1942 853 fuisse.

652 880 838 958 Suadetur
866 872 1022 985 idiplum
1044 904 1088 955 ex
1108 870 1347 983 inscriptione
1369 874 1654 972 Thermarum,
1675 902 1789 981 quam
1819 878 1943 961 adfert

650 982 1441 1089 Masochius,Coempn‘s,iiiiiiirurmaedficiis
1461 1007 1519 1084 pro
1538 997 1630 1059 tanti
1648 996 1753 1084 operis
1771 1002 1942 1094 margaritu-

648 1096 743 1188 dine,
759 1106 849 1171 omni
865 1092 955 1170 cultu
969 1094 1136 1195 perfossas
1145 1153 1158 1185 ,
1174 1102 1342 1169 Romanis
1350 1088 1426 1198 fitis
1444 1091 1692 1168 dedicaverunt.

700 1206 746 1281 ln
764 1197 863 1279 hisce
876 1200 1130 1280 Thermarum
1152 1197 1408 1296 ruderibus,in
1421 1194 1648 1305 camerisque
1664 1198 1866 1302 abundis,
1886 1199 1940 1281 su.

647 1308 970 1416 perluntreliquiae
982 1307 1250 1386 crustationum
1269 1333 1565 1384 marmorearum
1579 1372 1588 1402 ,
1600 1312 1702 1413 queis
1720 1307 1767 1381 uli
1780 1309 1941 1389 Carthu.

645 1416 734 1495 finni
759 1414 841 1497 suut
860 1417 909 1501 ad
929 1443 1070 1492 novum
1088 1414 1255 1494 Ecclesia:
1266 1438 1455 1512 ornatum,
1471 1413 1612 1492 artifice
1630 1413 1775 1492 Catulo
1793 1420 1938 1495 Maras.

645 1545 694 1604 ta.
719 1517 792 1605 His
812 1522 1073 1603 accessionibus
1094 1521 1267 1601 instrusta
1286 1521 1447 1601 Ecclesia
1467 1527 1564 1598 inter
1590 1520 1699 1598 Urbis
1718 1521 1939 1630 elegantissi-

641 1660 723 1711 mas
740 1630 1058 1711 annumerabitur.
1079 1628 1252 1739 AEqualis
1268 1627 1521 1738 amplitudinis
1532 1624 1612 1705 lunt
1623 1625 1938 1712 lirbterraneilbr.

642 1744 771 1839 nices,
794 1765 956 1846 quorum
973 1736 1087 1817 hodie
1107 1734 1323 1817 interclusus
1342 1737 1492 1835 aditus,
1517 1736 1618 1815 unde
1638 1765 1714 1814 non
1734 1766 1854 1845 pauca
1872 1769 1936 1822 ve.

639 1871 766 1925 terum
789 1872 1122 1924 monumentorum
1140 1844 1353 1953 fragmenta
1372 1845 1585 1923 educuntur
1603 1850 1640 1922 in
1653 1843 1741 1922 dies.
1763 1847 1935 1929 Ecclefiae

639 1953 757 2033 heret
781 1951 1022 2032 Cartliusrain
1036 1982 1109 2059 qua
1125 1951 1438 2059 Hecatonstylus,
1455 1953 1525 2030 siue
1543 1951 1755 2029 Claustrum
1777 1982 1932 2038 centum

637 2062 904 2139 columnarum
930 2127 941 2159 ,
968 2059 1158 2139 lllicliaele
1174 2066 1267 2138 item
1290 2059 1440 2168 Angelo
1459 2064 1608 2137 auchire
1630 2126 1639 2156 ‚
1660 2068 1828 2139 omnium
1849 2068 1929 2143 Ro.

637 2198 839 2247 manorum
857 2166 1355 2276 amplillimum,elegantiiis
1372 2196 1485 2273 quam
1505 2164 1928 2251 solidius-constructum.

691 2282 719 2355 F
741 2307 763 2357 1.
784 2304 811 2354 A
836 2306 896 2355 Ml
923 2305 947 2352 Ν
973 2307 982 2350 i
1010 2307 1034 2355 u
1059 2304 1094 2362 s¹
1120 2282 1155 2353 V
1177 2304 1204 2352 A
1226 2304 1249 2354 e
1272 2303 1348 2354 cn.
1392 2278 1491 2353 Cum
1509 2302 1609 2382 pone
1634 2274 1800 2352 thermas
1829 2281 1926 2355 Dio.
1950 2297 1974 2332 “

637 2384 846 2464 cletianaeas
864 2382 978 2463 vellet
1003 2378 1156 2490 quidam
1176 2383 1358 2461 memorial
1378 2410 1464 2459 mea
1485 2381 1644 2459 calulam
1672 2448 1683 2481 ‚
1706 2386 1927 2491 recipiendis
1949 2407 1974 2440 “

636 2491 875 2600 ligonibus&
893 2489 1019 2567 ferreis
1038 2490 1290 2568 instrumentis
1306 2556 1317 2590 ,
1344 2495 1533 2585 excitare,
1564 2491 1657 2565 vidit
1687 2520 1813 2567 niuros
1832 2493 1926 2573 duos
1948 2512 1972 2547 “

633 2604 698 2706 qui
719 2598 1176 2694 eminebanttantillum,
1198 2606 1238 2675 ἃ
1261 2602 1299 2673 in
1326 2597 1452 2673 media
1480 2625 1610 2675 eorum
1640 2602 1923 2706 intercapedine
1948 2620 1972 2656 “

632 2733 816 2785 excavare
836 2705 1188 2820 coepit‚iirciditque
1205 2709 1242 2780 in
1260 2702 1430 2781 foramen
1448 2705 1639 2780 modicum
1651 2740 1658 2781 ε
1670 2733 1745 2810 quo
1757 2708 1923 2815 undique
1947 2729 1971 2765 ‘³

634 2814 794 2890 dilatato
814 2880 825 2909 ,
845 2811 915 2892 sele
937 2812 1136 2887 intromisit
1156 2857 1164 2907 3
1184 2837 1340 2917 eratque
1355 2809 1532 2888 struclura
1551 2817 1687 2889 camini
1705 2842 1810 2891 more
1832 2844 1921 2893 con.
1946 2836 1970 2874 (ί

632 2920 729 2998 secla
748 2987 759 3019 ,
776 2927 813 2998 in
832 2949 907 3026 qua
925 2925 1063 3024 reperit
1083 2918 1293 2996 oclodecim
1312 2914 1620 3026 pliilolbphoium
1637 2925 1769 3025 capita.
1789 2921 1922 3029 Eaiple
1945 2950 1969 2984 ‘⁶

632 3026 870 3137 septingentis
890 3032 1050 3105 mumnis
1069 3025 1314 3106 venumdedit
1332 3025 1488 3102 domino
1501 3031 1638 3135 Joanni
1660 3030 1924 3135 GeorgiuCa„
1945 3057 1969 3092 c<

630 3132 750 3215 larino
769 3174 776 3212 :
804 3161 997 3242 nuperque
1016 3133 1150 3211 eadem
1164 3132 1332 3241 Julianus
1348 3136 1423 3239 ejus
1441 3133 1533 3211 lilius
1546 3136 1919 3216 Cardinalilarneiio
1943 3164 1967 3198 “

630 3242 803 3321 vendidit
822 3308 832 3340 ,
853 3245 916 3347 qui
936 3245 974 3316 in
990 3239 1095 3346 xysto
1115 3235 1177 3316 stu>
1197 3235 1369 3349 reposuit.
1942 3272 1966 3307 a

683 3354 781 3429 Hac
791 3344 1101 3457 philosophorum
1119 3353 1242 3455 capita
1257 3347 1434 3428 Thermis
1449 3350 1725 3429 ornandisolim
1740 3351 1919 3459 deputata

628 3484 765 3558 erant,
790 3482 831 3534 ut
851 3453 1123 3534 verosimiliter
1140 3455 1350 3534 aestimatur.
1383 3462 1426 3535 ln
1446 3460 1622 3538 Thermis
1640 3462 1775 3564 quippe
1795 3457 1917 3565 liujus·

627 3564 762 3662 modi,
782 3592 861 3640 non
882 3562 1030 3638 lavacra
1048 3562 1166 3638 modo
1184 3628 1193 3659 ,
1211 3560 1273 3642 sed
1291 3571 1456 3670 porticus
1475 3592 1625 3673 quoque
1645 3630 1654 3659 ,
1677 3564 1782 3665 ludi,
1800 3569 1915 3674 ephe-

626 3673 699 3750 bea
719 3676 840 3779 pueris
863 3669 1094 3749 educandis:
1116 3670 1260 3748 adhaec
1281 3699 1370 3750 vero
1389 3671 1618 3751 bibliotheca
1640 3672 1750 3780 Ulpia
1763 3700 1811 3752 ex
1830 3675 1914 3754 loro

627 3783 783 3879 Traiani
802 3778 892 3854 olim
915 3777 1052 3854 eddem
1070 3803 1307 3885 comportata
1327 3777 1396 3855 fuit
1421 3815 1429 3856 :
1450 3779 1581 3887 quibus
1609 3779 1833 3858 decorandis
1853 3814 1914 3862 ca·

623 3892 703 3996 pita
718 3884 814 3964 istac
830 3879 1140 3992 pbilosophorum
1157 3911 1448 3993 peropportuna.

679 3997 731 4072 lix
757 3991 883 4100 platea
902 3990 1156 4069 Thermarum
1176 3993 1296 4070 aditus
1314 3992 1418 4072 estin
1440 3996 1651 4073 Perretinos
1670 3994 1803 4072 hortos
1823 4062 1832 4094 ,
1854 4006 1916 4105 qui

621 4102 699 4205 jam
720 4099 998 4179 Emmentiffimi
1017 4098 1228 4175 Cardinalis
1251 4104 1437 4206 Negronii
1457 4096 1548 4179 sunt.
1579 4105 1607 4180 E
1627 4100 1744 4179 latere
1766 4106 1917 4208 majoris

624 4207 706 4284 ostii
725 4210 890 4283 occurrit
912 4203 1057 4280 labrum
1071 4222 1123 4281 'eir
1143 4233 1332 4284 marmure
1351 4212 1719 4317 granitoAEgyptiO,
1735 4209 1826 4286 'olim
1839 4208 1915 4288 usui

620 4315 908 4410 Thermarum,
929 4337 969 4387 ut
991 4314 1198 4413 conjeclare
1217 4312 1573 4409 licet,destinatum.
1596 4316 1716 4395 AEdes·
1730 4321 1908 4423 proxime

620 4426 852 4498 ornamentis
871 4424 978 4496 variis
1004 4414 1199 4524 splendent
1229 4456 1236 4497 :
1261 4417 1448 4528 suspicitur
1476 4424 1615 4502 ibidem
1649 4422 1905 4530 anaglyphum

620 4528 754 4633 Pyrrhi
775 4533 890 4636 Regis
909 4527 1116 4635 peritissima
1135 4556 1259 4606 ritauu.
1306 4533 1348 4607 ln
1377 4530 1493 4608 liortis
1519 4535 1681 4609 occurrit
1702 4536 1753 4607 vis
1773 4536 1904 4640 ingens

617 4637 822 4715 statuarum
840 4700 851 4733 ,
870 4633 1169 4745 anaglypliorum
1188 4662 1301 4748 atque
1317 4635 1617 4748 iritcriptiunum‚
1635 4665 1794 4746 quarum
1805 4641 1904 4720 mul.
