4180 5684
356 441 443 546 446
823 419 1016 514 niarium
1038 418 1237 518 Italicum.

356 548 991 667 publicandumillustrandumque
1011 550 1219 663 cogitabat.
1246 550 1308 636 Est
1320 555 1424 636 enim
1439 556 1494 637 rei
1506 559 1683 669 antiqua.

357 670 421 745 riu:
449 660 733 776 prasertimque
760 665 985 747 nummaria
1003 690 1091 740 cum
1113 666 1242 773 primis
1261 669 1404 775 peritus
1425 701 1433 747 :
1452 666 1502 745 ad
1519 665 1603 746 haec
1620 697 1682 748 co-

358 780 429 855 mis
450 804 495 855 ac
514 772 761 887 perurbanus.
802 775 838 852 Si
861 799 931 883 per
945 799 1034 853 eum
1052 766 1206 854 stetisset
1231 775 1429 856 Sabaudiae
1448 781 1571 857 Ducis
1590 782 1681 861 Mu-

357 884 470 967 saeum
488 896 526 966 ὃ(
546 882 824 965 bibliothecam
843 882 1025 962 codicum
1050 884 1101 962 ad
1125 882 1288 966 lubitum
1298 883 1505 999 inspeclare
1515 887 1571 969 fas
1585 914 1679 971 erat.

357 1006 505 1081 Verum
526 1018 781 1076 monumenta
800 991 867 1075 illa
886 994 994 1074 nullo
1018 994 1155 1076 ordine
1174 997 1355 1108 congesta
1372 995 1457 1078 sunt
1483 1046 1493 1103 3
1527 1000 1681 1082 codices

356 1136 486 1190 autem
505 1102 772 1218 manuscripti,
791 1110 857 1217 qui
882 1134 1024 1219 magno
1042 1104 1094 1186 ibi
1114 1135 1277 1190 numero
1294 1105 1399 1213 sunt(
1410 1108 1460 1188 ad
1476 1115 1550 1190 tria
1560 1110 1682 1191 millia

356 1219 481 1302 adesse
499 1218 773 1301 testificabatur
784 1215 959 1297 laudatus
971 1217 1101 1297 Abbas
1113 1227 1123 1317 )
1136 1287 1146 1320 ,
1157 1218 1219 1299 alii
1230 1220 1310 1300 aliis
1326 1221 1493 1332 impositi
1504 1230 1543 1302 ὃ(
1558 1226 1681 1333 parie-

357 1333 681 1433 tismorestrucli,
700 1328 894 1409 conclavis
913 1326 1107 1436 cujusdam
1125 1329 1247 1411 latera
1266 1357 1470 1442 occupant.
1504 1334 1592 1412 Pari
1602 1331 1681 1412 for-

357 1470 450 1524 tuna
470 1442 521 1522 usi
541 1441 665 1521 liunus
683 1446 787 1520 circa
803 1438 920 1519 libros
946 1441 1084 1551 Pyrrhi
1106 1445 1269 1554 Ligotii,
1288 1448 1352 1554 qui
1374 1467 1551 1555 tempore
1573 1444 1682 1524 Pauli

354 1560 424 1637 Ill.
444 1551 656 1663 seculoque
678 1548 979 1653 decimosexto,
1007 1581 1086 1631 non
1107 1577 1150 1631 ut
1170 1555 1329 1663 quidam
1348 1552 1680 1667 decimoseptimo

354 1667 484 1746 floruit
507 1705 514 1745 :
533 1669 597 1776 qui
616 1665 791 1764 codices,
809 1659 1072 1773 inscriptiones
1089 1664 1255 1745 infinitas
1273 1683 1285 1766 ,⁹
1310 1692 1565 1747 monumenta
1590 1665 1682 1748 deli-

353 1804 498 1879 neata,
528 1783 667 1860 Roma
694 1771 1012 1886 descriptionem,
1050 1772 1308 1878 numismata,
1337 1776 1545 1889 similiique
1581 1776 1680 1859 bene

354 1889 478 1969 multa
496 1887 814 1998 complecluntur.

412 2004 586 2081 Taurino
611 1995 792 2110 profecli,
810 2001 966 2077 ineunte
978 2000 1094 2110 Junio
1117 1998 1351 2110 Lugdunum
1371 2002 1565 2099 venimus,
1586 2004 1682 2079 ami-

357 2105 482 2221 cisque
504 2110 552 2191 de
573 2111 695 2191 reditu
718 2107 997 2221 gratulantibus
1015 2136 1083 2186 nos
1100 2108 1265 2191 sistimus.
1309 2115 1354 2191 In
1382 2114 1422 2190 iis
1439 2114 1492 2191 D.
1513 2114 1633 2223 Duga
1658 2139 1681 2193 e

359 2226 539 2332 primatia
556 2221 668 2300 Urbis
688 2219 891 2299 nobilitate
904 2289 914 2322 ,
927 2220 1127 2299 virdoclus
1146 2222 1285 2303 Graece
1295 2227 1438 2333 peritus
1450 2260 1457 2302 :
1470 2221 1683 2328 cujusaedes

358 2335 516 2413 eruditis
531 2338 655 2412 omnis
675 2335 824 2444 generis
843 2329 1139 2441 frequentantur
1160 2337 1213 2413 :is
1234 2363 1302 2411 nos
1322 2358 1364 2413 ut
1384 2334 1601 2413 amicisbme
1620 2361 1682 2414 ex-

358 2451 461 2555 cepit
481 2449 518 2522 in
539 2444 690 2524 ltaliam
707 2467 978 2554 properantes,
995 2441 1149 2552 paribus
1164 2445 1296 2523 officiis
1308 2444 1469 2527 reduces
1484 2444 1682 2556 amplexus

357 2554 421 2635 est.
452 2555 780 2665 UndecimaJunii
801 2582 903 2631 anno
922 2582 1022 2657 1701.
1043 2556 1238 2635 Lutetiam
1258 2554 1512 2636 adventamus
1534 2591 1541 2634 :
1562 2580 1602 2633 at
1632 2583 1679 2636 ue

356 2670 409 2745 ita
430 2671 810 2779 peregrinationem,
839 2693 955 2774 quam
987 2693 1066 2742 non
1091 2664 1175 2776 plus
1194 2695 1363 2747 annuam
1393 2667 1477 2749 fore
1505 2586 1678 2779 speraba-

356 2807 459 2881 mus,
480 2784 542 2858 vix
561 2782 650 2856 totis
670 2776 790 2858 tribus
810 2781 917 2855 annis
938 2774 1185 2857 confecimus.

714 3011 764 3080 N
766 3024 829 3078 otae
848 3010 885 3078 in
904 2999 1067 3109 quaedam
1087 2998 1199 3077 diarii
1219 3001 1304 3080 lotar.

408 3224 454 3301 P.
477 3251 503 3328 5.
533 3219 731 3332 Inscriptio
753 3224 928 3332 Pompeii
950 3224 1078 3301 Parati
1100 3249 1222 3331 qnaea
1242 3221 1418 3301 Grutero
1441 3224 1539 3300 vitiis
1568 3252 1679 3302 cons-

350 3327 456 3445 persa
476 3334 581 3414 edita
602 3331 694 3433 fuit,
723 3360 859 3411 vocem
878 3331 998 3412 babet
1018 3332 1246 3442 singularem
1271 3328 1294 3412 s.
1317 3329 1534 3445 Myrifrnus,
1560 3363 1678 3443 quam

349 3449 541 3525 Gruterus
551 3470 754 3555 perperam
768 3457 822 3525 M
825 3511 830 3521 .
844 3442 986 3555 Pisanus
996 3442 1180 3553 exprelbt.
1193 3447 1301 3523 Nam
1313 3473 1390 3525 vox
1408 3444 1680 3545 Graecaest,in

349 3585 425 3666 qua
437 3559 667 3636 P.Latinum
679 3584 749 3665 pro
763 3558 802 3634 P.
821 3556 1005 3633 Graectnn
1021 3553 1242 3665 usurpatur,
1264 3556 1370 3664 quod
1381 3560 1419 3634 in
1431 3555 1511 3635 aliis
1522 3584 1679 3667 quoque

348 3665 653 3777 inscriptionibus
666 3663 908 3759 observatum
928 3665 992 3746 est.
1038 3671 1081 3747 N
1085 3696 1137 3743 on
1153 3665 1374 3778 infrequens
1386 3672 1488 3747 enim
1502 3671 1540 3745 in
1551 3664 1679 3746 inscri-

351 3778 545 3890 ptionibus
566 3781 792 3859 Graecarum
810 3776 1027 3858 litterarum
1049 3784 1088 3856 in
1109 3780 1264 3857 Latinas
1285 3784 1553 3858 commutatio,
1589 3784 1679 3888 My.

351 3888 480 3970 rismus
496 3894 629 4001 igitur,
648 3891 789 3971 Graece
805 3888 1004 3992 pwvruds,
1024 3889 1210 4001 fignificat
1229 3916 1516 4002 unguentorum
1537 3885 1678 4077 insper-

350 4002 496 4084 stonem
522 4031 593 4111 qua
607 4006 812 4115 Pompeius
828 4003 947 4081 filium
969 4006 1171 4081 conditum
1190 4031 1300 4082 more
1321 4007 1482 4112 antiquo
1498 3999 1582 4118 sepe
1600 4005 1677 4082 ivit.

406 4117 450 4193 P.
470 4119 501 4192 8.
529 4115 810 4213 petrapertusa
832 4112 887 4194 est
910 4112 1109 4193 castellum
1142 4116 1358 4191 Occitaniae
1384 4117 1423 4190 in
1451 4116 1680 4193 Ruscinonis

351 4224 526 4303 confiniis
546 4219 853 4320 munitilbmum,
882 4225 1007 4304 utillo
1033 4252 1137 4324 aevo,
1158 4228 1196 4304 in
1217 4250 1328 4334 petra
1347 4250 1447 4334 pene
1468 4248 1595 4301 totum
1613 4250 1677 4304 ex.

353 4362 549 4414 cavatum:
563 4337 637 4432 jani
663 4334 823 4413 dominii
844 4341 950 4447 regi.

406 4448 447 4526 P.
472 4480 524 4525 22.
555 4450 733 4527 Nomina
753 4452 907 4557 proptia
933 4447 1122 4557 gentilitia
1153 4446 1307 4526 decimo
1336 4443 1471 4525 seculo
1504 4474 1565 4522 coe
1595 4441 1678 4547 ille,

352 4557 560 4635 undecimo
579 4556 734 4667 vulgata
759 4568 797 4636 bc
815 4554 877 4634 usu
890 4582 1045 4668 recepta
1064 4553 1191 4657 fnisse,
1213 4585 1260 4637 ex
1284 4473 1678 4669 diplomatibuslsene

352 4667 481 4747 multis
493 4667 780 4779 comprobatur.
799 4669 962 4779 lnfignia
972 4668 1161 4779 gentilitia
1181 4694 1263 4747 tum
1283 4668 1442 4769 oborta,
1460 4697 1548 4749 cum
1562 4668 1677 4746 Cliti.

352 4776 461 4854 stiani
480 4780 529 4857 ad
555 4776 700 4857 sacrum
721 4779 867 4862 bellum
888 4786 926 4858 in
950 4784 1158 4859 Orientem
1178 4806 1454 4893 properarent,
1472 4776 1538 4858 sub
1560 4777 1677 4857 finem

351 4889 548 4970 undecimi
561 4918 606 4969 ac
623 4894 733 4969 initio
753 4890 978 4971 duodecimi
996 4887 1130 4971 saculi.
