4264 5684
429 440 488 541 64
884 424 1062 511 Dianium
1090 415 1272 510 Indicum.

488 552 622 633 Codex
644 552 890 658 Bombycinus
911 557 1020 630 satuit
1043 582 1067 629 x
1081 583 1092 631 1
1106 585 1140 628 v.
1163 560 1343 659 baeerpta
1365 553 1563 657 longiffima
1592 568 1630 636 &
1650 586 1726 664 pre-

434 664 612 741 tiostsstrna
639 664 862 738 Stromatutn
890 676 926 736 S.
947 670 1156 747 Clementis,
1184 667 1346 766 iteratque
1374 692 1415 735 ea
1437 667 1661 769 Protreptito
1689 683 1727 746 bc

436 772 682 881 I’aedagogico
709 772 890 876 quadam.
948 769 1168 842 Stromatum
1196 769 1342 844 codices
1371 772 1529 847 ratilstnri
1562 780 1727 852 omnium

435 878 542 975 sunt,
564 910 637 955 non
654 878 717 953 diu
735 880 784 952 est
804 873 907 979 quod
924 878 1147 952 estimabant
1165 903 1206 950 ex
1231 880 1396 951 litteratis
1419 882 1509 954 bene
1532 890 1638 957 muln
1670 887 1728 959 rel

433 985 553 1094 ipsum
584 984 630 1063 ad
658 990 758 1084 cuius
786 984 897 1061 fidem
925 982 1025 1059 edita
1054 990 1210 1087 primum
1233 986 1413 1059 Stromata
1433 985 1535 1064 suere
1564 990 1727 1066 amissum

434 1090 587 1201 petiisse.
603 1103 653 1172 At
667 1095 858 1171 Florentia
873 1095 1001 1196 reperi,
1018 1090 1257 1194 Venetosque
1276 1120 1439 1196 excerpta
1453 1097 1556 1195 illae,
1570 1128 1728 1203 queunt

433 1209 605 1307 exempla
633 1206 720 1278 item
735 1198 809 1278 duo
830 1205 956 1275 Roma·
973 1192 1043 1270 else
1067 1197 1186 1274 reeens
1214 1204 1350 1303 accepi.

490 1310 623 1387 Codex
643 1313 935 1387 membranaceus
953 1305 1151 1401 anstrudi,
1169 1310 1289 1406 dasteri
1308 1312 1504 1384 Orationes
1524 1313 1700 1413 qua-dam.

489 1416 624 1497 Codex
643 1417 944 1503 membranaceus
964 1411 1163 1511 xt.saeeuli‚
1177 1418 1399 1519 chrysostomi
1417 1420 1593 1497 homilia.
1621 1429 1728 1499 Alter

433 1524 596 1632 ejusdcm
618 1531 744 1605 atatis.

492 1638 580 1710 Vita
609 1636 643 1711 S,
662 1637 787 1712 Mariae
810 1634 1065 1740 AEgyptiacae‚
1097 1643 1133 1711 ὅ(
1155 1628 1406 1733 scalaJoarrrzis
1425 1650 1452 1707 C
1456 1640 1573 1710 lfmrci
1598 1633 1726 1742 scripta

433 1766 531 1817 anno
554 1743 679 1819 mundi
705 1742 903 1819 secundum
919 1743 1128 1817 Gracottrm
1150 1762 1256 1813 aram
1279 1746 1374 1814 6821.
1396 1742 1530 1816 Christi
1557 1774 1635 1846 13¹3·

486 1850 650 1925 Hilloria
677 1852 893 1951 Constantini
911 1847 1091 1958 Manaffis‚
1110 1847 1240 1922 seculo
1260 1870 1341 1920 xiv.

487 1956 682 2059 Aristotelis
702 1956 847 2033 codices
865 1955 960 2030 benc
976 1953 1105 2040 multi,
1122 1951 1165 2025 de
1177 1955 1428 2048 Animalibus,
1443 1959 1658 2054 Etlrieorunt
1679 1956 1728 2035 ad

435 2060 733 2159 Nicomachum,
749 2064 1010 2157 Politieorutn,
1029 2063 1390 2156 Oeconomicorutn,
1407 2066 1632 2167 Magnorum
1648 2094 1726 2143 mo·

433 2174 584 2267 talium,
603 2173 802 2248 Moralium
818 2168 863 2245 ad
877 2166 1098 2263 Eudemum,
1110 2168 1428 2265 Mecbanieorum,
1440 2170 1727 2268 problematum,

434 2282 781 2384 Metapltysrcotum,
814 2278 1008 2352 Alexandri
1025 2274 1226 2384 Aphrodisrt'
1247 2277 1527 2374 problematum.

488 2387 693 2499 Theophrasti
713 2385 756 2463 de
777 2385 940 2463 Historia
947 2386 1170 2563 plantarum.
1209 2380 1377 2480 Ejusdem
1394 2381 1440 2461 de
1457 2387 1566 2464 causas
1584 2388 1727 2493 planta-

433 2521 529 2573 tum.
569 2494 741 2597 Ejusdem
763 2492 943 2595 Metaphy
960 2516 1112 2565 reorum.

489 2606 766 2709 Etymolog'teon
789 2603 963 2676 Graecum
978 2659 988 2691 ,
1006 2623 1090 2673 xrv.
1109 2598 1238 2676 saculi,

487 2714 540 2787 Hi
560 2712 705 2788 codices
725 2711 868 2798 Graci,
890 2708 1009 2781 Latini
1038 2732 1135 2781 vern.

488 2823 689 2920 Hieronymi
719 2819 757 2891 in
784 2814 921 2893 sacram
951 2814 1186 2918 Scripturam.
1235 2818 1329 2892 Item
1356 2816 1447 2894 liber
1484 2820 1727 2923 Epistularum

433 2922 611 3023 ejusdcm.

491 3035 669 3137 Diploma
688 3035 725 3111 in
746 3034 883 3109 cortice
905 3032 1080 3137 scriptum
1096 3033 1211 3109 odavi
1231 3034 1451 3130 ineuntis,ut
1470 3062 1575 3139 pum,
1594 3034 1726 3129 saculi,

434 3138 638 3218 clraraslcre
658 3140 953 3247 Langobardioe,
979 3143 1087 3247 supra
1105 3139 1214 3218 fidem
1233 3144 1325 3218 leslu
1351 3140 1518 3223 difficili,
1542 3142 1728 3216 corrosum

435 3246 482 3320 ab
495 3249 785 3327 extremitatibus
803 3261 839 3329 δι
859 3252 895 3323 in
920 3247 1046 3324 medio
1065 3248 1084 3324 Ξι
1103 3276 1206 3323 mure
1223 3251 1286 3352 qui
1303 3248 1523 3326 obvolutum
1547 3251 1728 3348 Iliploma

436 3348 659 3435 deformavit
680 3382 774 3461 pene
791 3381 925 3433 totum.
950 3356 1009 3433 fist
1026 3353 1202 3456 judicium
1223 3357 1338 3432 Reate
1361 3360 1496 3449 latmo,
1515 3355 1576 3427 nbi
1601 3353 1647 3427 dc
1667 3382 1728 3430 tu-

438 3466 509 3539 tela
522 3472 650 3649 rapitur.
668 3470 790 3542 l'artcs
806 3491 887 3567 qua:
903 3466 1060 3570 litigant,
1071 3491 1131 3541 aut
1145 3463 1301 3559 Gotthi,
1319 3490 1382 3540 aut
1395 3529 1404 3561 ,
1419 3462 1520 3565 qood
1541 3464 1613 3538 veri
1632 3464 1727 3539 sirni-

439 3571 506 3645 lius
526 3576 587 3670 el,
601 3570 834 3682 Langobardi
854 3573 955 3655 sunt;
974 3572 1114 3671 judiees
1136 3573 1406 3652 veroRomani.
1431 3576 1728 3650 Monumentum

438 3679 510 3756 ltoc
531 3683 701 3789 singulare
719 3682 779 3756 hic
798 3687 920 3759 locum
938 3678 1083 3758 habeat.

399 4050 419 4076 o
440 4007 571 4106 quibus
603 4004 848 4086 adfcuioncm
877 4063 1211 4082 ..........
1236 4030 1389 4111 patrona
1414 4032 1479 4081 nos
1506 4063 1701 4084 ......
1712 4038 1714 4043 ·

400 4155 418 4182 υ
440 4117 499 4218 qui
522 4114 663 4220 pridem
683 4141 926 4189 memoratum
948 4113 1106 4216 superius
1124 4110 1306 4192 Guduhul
1333 4165 1701 4193 ...........

399 4264 420 4292 n
465 4283 614 4300 .....
641 4250 744 4297 crunt
764 4224 801 4296 in
821 4226 961 4298 minore
979 4248 1045 4294 nos
1065 4225 1215 4299 condior
1256 4279 1700 4302 .............

401 4370 419 4401 u
468 4394 475 4407 .
502 4390 510 4406 .
539 4393 546 4408 .
574 4389 582 4407 .
607 4360 681 4407 non
707 4334 824 4434 potuit
851 4330 998 4435 repetiti
1025 4357 1072 4404 ne
1088 4334 1348 4435 qualicumque
1368 4389 1704 4410 ..........

399 4479 577 4516 ......
602 4466 689 4518 cunt
710 4443 767 4514 vel
788 4437 979 4544 specialem
997 4463 1158 4513 tutorem
1177 4442 1212 4512 in
1226 4442 1406 4545 negotiis.
1435 4500 1442 4515 .
1473 4499 1481 4514 .
1509 4500 1518 4517 .
1546 4501 1555 4520 .
1582 4499 1591 4515 .
1620 4498 1627 4515 .
1656 4500 1664 4515 .
1691 4500 1700 4517 .

400 4582 421 4617 ο
465 4607 614 4626 .....
644 4575 738 4626 ratus
755 4544 871 4626 fuerat
889 4544 909 4622 it
927 4546 1039 4621 vestra
1056 4547 1131 4623 fieri
1152 4543 1325 4622 desiderat
1346 4551 1524 4650 gravitate
1544 4608 1701 4627 .....

400 4692 421 4730 υ
439 4661 658 4770 petitionem
684 4654 816 4736 fartam
841 4658 1037 4741 solenniter
1066 4652 1113 4732 ad
1141 4655 1255 4737 vestra
1280 4655 1505 4735 laudabiliter
1526 4655 1726 4840 otppnanda

1520 4765 1567 4841 de
1601 4770 1726 4849 inavit,
