<?xml version="1.0" encoding="UTF-8"?>
<!DOCTYPE html PUBLIC "-//W3C//DTD XHTML 1.0 Transitional//EN"
    "http://www.w3.org/TR/xhtml1/DTD/xhtml1-transitional.dtd">
<html xmlns="http://www.w3.org/1999/xhtml" xml:lang="en" lang="en">
 <head>
  <title>
</title>
<meta http-equiv="Content-Type" content="text/html;charset=utf-8" />
  <meta name='ocr-system' content='tesseract 3.04.00' />
  <meta name='ocr-capabilities' content='ocr_page ocr_carea ocr_par ocr_line ocrx_word'/>
</head>
<body>
  <div class='ocr_page' id='page_1' title='image "./diariumitalicum00montgoog_0166.png"; bbox 0 0 4264 5684; ppageno 0'>
   <div class='ocr_carea' id='block_1_1' title="bbox 1031 420 1856 550">
    <p class='ocr_par' dir='ltr' id='par_1_1' title="bbox 1031 420 1856 550">
     <span class='ocr_line' id='line_1_1' title="bbox 1031 420 1856 550; baseline -0.005 -36"><span class='ocrx_word' id='word_1_1' title='bbox 1031 423 1158 550; x_wconf 83' lang='lat' dir='ltr'>Caput</span> <span class='ocrx_word' id='word_1_2' title='bbox 1177 420 1367 515; x_wconf 76' lang='lat' dir='ltr'>ollavum.</span> <span class='ocrx_word' id='word_1_3' title='bbox 1790 477 1856 548; x_wconf 83' lang='lat'>¹19</span> 
     </span>
    </p>
   </div>
   <div class='ocr_carea' id='block_1_2' title="bbox 549 552 2084 4647">
    <p class='ocr_par' dir='ltr' id='par_1_2' title="bbox 561 552 1856 984">
     <span class='ocr_line' id='line_1_2' title="bbox 564 552 1856 671; baseline 0.005 -34"><span class='ocrx_word' id='word_1_4' title='bbox 564 557 698 637; x_wconf 82' lang='lat' dir='ltr'>desunt</span> <span class='ocrx_word' id='word_1_5' title='bbox 714 552 777 661; x_wconf 87' lang='lat' dir='ltr'>qui</span> <span class='ocrx_word' id='word_1_6' title='bbox 795 566 864 634; x_wconf 83' lang='lat' dir='ltr'>Deo</span> <span class='ocrx_word' id='word_1_7' title='bbox 876 555 1052 642; x_wconf 77' lang='lat' dir='ltr'>Maximo,</span> <span class='ocrx_word' id='word_1_8' title='bbox 1065 558 1204 660; x_wconf 78' lang='lat' dir='ltr'>legant,</span> <span class='ocrx_word' id='word_1_9' title='bbox 1218 561 1283 632; x_wconf 85' lang='lat' dir='ltr'>tati</span> <span class='ocrx_word' id='word_1_10' title='bbox 1304 553 1403 634; x_wconf 87' lang='lat' dir='ltr'>nefas</span> <span class='ocrx_word' id='word_1_11' title='bbox 1413 558 1637 665; x_wconf 85' lang='lat' dir='ltr'>prophanam</span> <span class='ocrx_word' id='word_1_12' title='bbox 1650 560 1856 671; x_wconf 81' lang='lat' dir='ltr'>inscriptio-</span> 
     </span>
     <span class='ocr_line' id='line_1_3' title="bbox 562 659 1854 767; baseline 0.005 -22"><span class='ocrx_word' id='word_1_13' title='bbox 562 695 649 747; x_wconf 85' lang='lat' dir='ltr'>nem</span> <span class='ocrx_word' id='word_1_14' title='bbox 667 664 773 743; x_wconf 87' lang='lat' dir='ltr'>sacris</span> <span class='ocrx_word' id='word_1_15' title='bbox 794 668 832 740; x_wconf 93' lang='lat' dir='ltr'>in</span> <span class='ocrx_word' id='word_1_16' title='bbox 847 662 939 738; x_wconf 86' lang='lat' dir='ltr'>locis</span> <span class='ocrx_word' id='word_1_17' title='bbox 959 659 1195 767; x_wconf 83' lang='lat' dir='ltr'><strong>deprehendi.</strong></span> <span class='ocrx_word' id='word_1_18' title='bbox 1223 666 1277 740; x_wconf 81' lang='lat' dir='ltr'>At</span> <span class='ocrx_word' id='word_1_19' title='bbox 1293 669 1542 745; x_wconf 87' lang='lat' dir='ltr'>renuntiatum</span> <span class='ocrx_word' id='word_1_20' title='bbox 1561 671 1654 747; x_wconf 92' lang='lat' dir='ltr'>mihi</span> <span class='ocrx_word' id='word_1_21' title='bbox 1671 666 1745 750; x_wconf 88' lang='lat' dir='ltr'>fuit</span> <span class='ocrx_word' id='word_1_22' title='bbox 1764 672 1854 751; x_wconf 89' lang='lat' dir='ltr'>dum</span> 
     </span>
     <span class='ocr_line' id='line_1_4' title="bbox 563 763 1854 884; baseline 0.005 -32"><span class='ocrx_word' id='word_1_23' title='bbox 563 776 695 852; x_wconf 72' lang='lat' dir='ltr'>Romae</span> <span class='ocrx_word' id='word_1_24' title='bbox 712 772 881 868; x_wconf 86' lang='lat' dir='ltr'>versarer,</span> <span class='ocrx_word' id='word_1_25' title='bbox 899 763 1022 847; x_wconf 73' lang='lat' dir='ltr'>retdns</span> <span class='ocrx_word' id='word_1_26' title='bbox 1036 795 1177 847; x_wconf 89' lang='lat' dir='ltr'>erutam</span> <span class='ocrx_word' id='word_1_27' title='bbox 1197 772 1237 847; x_wconf 92' lang='lat' dir='ltr'>in</span> <span class='ocrx_word' id='word_1_28' title='bbox 1256 777 1472 853; x_wconf 84' lang='lat' dir='ltr'>toemeteriis</span> <span class='ocrx_word' id='word_1_29' title='bbox 1484 773 1774 884; x_wconf 79' lang='lat' dir='ltr'>inscriptionem,</span> <span class='ocrx_word' id='word_1_30' title='bbox 1789 788 1854 861; x_wconf 72' lang='lat' dir='ltr'>Dii</span> 
     </span>
     <span class='ocr_line' id='line_1_5' title="bbox 561 875 1074 984; baseline -0.021 -22"><span class='ocrx_word' id='word_1_31' title='bbox 561 880 714 962; x_wconf 81' lang='lat' dir='ltr'>manibus</span> <span class='ocrx_word' id='word_1_32' title='bbox 741 876 874 956; x_wconf 81' lang='lat' dir='ltr'>diserte</span> <span class='ocrx_word' id='word_1_33' title='bbox 898 875 1074 984; x_wconf 72' lang='lat' dir='ltr'>praeferre.</span> 
     </span>
    </p>

    <p class='ocr_par' dir='ltr' id='par_1_3' title="bbox 560 984 1857 1283">
     <span class='ocr_line' id='line_1_6' title="bbox 615 984 1855 1093; baseline 0.006 -27"><span class='ocrx_word' id='word_1_34' title='bbox 615 986 891 1093; x_wconf 76' lang='lat' dir='ltr'>circumpositis</span> <span class='ocrx_word' id='word_1_35' title='bbox 908 1011 1009 1064; x_wconf 85' lang='lat' dir='ltr'>extra</span> <span class='ocrx_word' id='word_1_36' title='bbox 1027 984 1225 1063; x_wconf 74' lang='lat' dir='ltr'>Ecclesiam</span> <span class='ocrx_word' id='word_1_37' title='bbox 1250 986 1286 1063; x_wconf 90' lang='lat' dir='ltr'>S.</span> <span class='ocrx_word' id='word_1_38' title='bbox 1310 989 1495 1066; x_wconf 87' lang='lat' dir='ltr'>Laurentii</span> <span class='ocrx_word' id='word_1_39' title='bbox 1516 992 1606 1071; x_wconf 81' lang='lat' dir='ltr'>locis</span> <span class='ocrx_word' id='word_1_40' title='bbox 1625 995 1716 1073; x_wconf 90' lang='lat' dir='ltr'>bene</span> <span class='ocrx_word' id='word_1_41' title='bbox 1735 999 1855 1075; x_wconf 91' lang='lat' dir='ltr'>multa</span> 
     </span>
     <span class='ocr_line' id='line_1_7' title="bbox 561 1091 1857 1203; baseline 0.001 -29"><span class='ocrx_word' id='word_1_42' title='bbox 561 1096 691 1174; x_wconf 72' lang='lat' dir='ltr'>edusla</span> <span class='ocrx_word' id='word_1_43' title='bbox 708 1091 902 1198; x_wconf 80' lang='lat' dir='ltr'>effoll&#39;aque</span> <span class='ocrx_word' id='word_1_44' title='bbox 917 1117 1098 1171; x_wconf 88' lang='lat' dir='ltr'>memorat</span> <span class='ocrx_word' id='word_1_45' title='bbox 1119 1094 1318 1173; x_wconf 80' lang='lat' dir='ltr'>Flaminius</span> <span class='ocrx_word' id='word_1_46' title='bbox 1339 1100 1493 1179; x_wconf 90' lang='lat' dir='ltr'>Vacca:</span> <span class='ocrx_word' id='word_1_47' title='bbox 1515 1100 1617 1203; x_wconf 78' lang='lat' dir='ltr'>cujus</span> <span class='ocrx_word' id='word_1_48' title='bbox 1642 1102 1722 1181; x_wconf 85' lang='lat' dir='ltr'>haec</span> <span class='ocrx_word' id='word_1_49' title='bbox 1741 1105 1857 1184; x_wconf 80' lang='lat' dir='ltr'>verba</span> 
     </span>
     <span class='ocr_line' id='line_1_8' title="bbox 560 1204 661 1283; baseline 0.01 -1"><span class='ocrx_word' id='word_1_50' title='bbox 560 1204 661 1283; x_wconf 85' lang='lat' dir='ltr'>sunt:</span> 
     </span>
    </p>

    <p class='ocr_par' dir='ltr' id='par_1_4' title="bbox 555 1312 2084 2063">
     <span class='ocr_line' id='line_1_9' title="bbox 623 1312 1899 1397; baseline 0.004 -6"><span class='ocrx_word' id='word_1_51' title='bbox 623 1316 908 1392; x_wconf 69' lang='lat' dir='ltr'>framarus</span> <span class='ocrx_word' id='word_1_52' title='bbox 936 1315 1113 1389; x_wconf 72' lang='lat' dir='ltr'>vacca.</span> <span class='ocrx_word' id='word_1_53' title='bbox 1142 1313 1241 1389; x_wconf 86' lang='lat' dir='ltr'>Ante</span> <span class='ocrx_word' id='word_1_54' title='bbox 1271 1312 1571 1391; x_wconf 64' lang='lat' dir='ltr'>&amp;Laurentium</span> <span class='ocrx_word' id='word_1_55' title='bbox 1601 1342 1699 1395; x_wconf 84' lang='lat' dir='ltr'>extra</span> <span class='ocrx_word' id='word_1_56' title='bbox 1728 1345 1854 1397; x_wconf 84' lang='lat' dir='ltr'>muros</span> <span class='ocrx_word' id='word_1_57' title='bbox 1878 1356 1899 1387; x_wconf 74' lang='grc' dir='ltr'>ι</span> 
     </span>
     <span class='ocr_line' id='line_1_10' title="bbox 559 1414 2057 1532; baseline 0.006 -34"><span class='ocrx_word' id='word_1_58' title='bbox 559 1421 860 1513; x_wconf 83' lang='lat' dir='ltr'>viaPratncllina,</span> <span class='ocrx_word' id='word_1_59' title='bbox 873 1422 959 1521; x_wconf 78' lang='lat' dir='ltr'>(stc)</span> <span class='ocrx_word' id='word_1_60' title='bbox 979 1414 1241 1497; x_wconf 84' lang='lat' dir='ltr'>crat*fabrica</span> <span class='ocrx_word' id='word_1_61' title='bbox 1259 1419 1436 1523; x_wconf 85' lang='lat' dir='ltr'>sequioris</span> <span class='ocrx_word' id='word_1_62' title='bbox 1449 1422 1616 1524; x_wconf 81' lang='lat' dir='ltr'>aevi,quae</span> <span class='ocrx_word' id='word_1_63' title='bbox 1633 1423 1679 1500; x_wconf 88' lang='lat' dir='ltr'>ad</span> <span class='ocrx_word' id='word_1_64' title='bbox 1691 1428 1853 1532; x_wconf 79' lang='lat' dir='ltr'>plateam</span> <span class='ocrx_word' id='word_1_65' title='bbox 1877 1464 1896 1495; x_wconf 80' lang='grc' dir='ltr'>ι</span> <span class='ocrx_word' id='word_1_66' title='bbox 1917 1437 2057 1514; x_wconf 56' lang='lat' dir='ltr'>degitur.</span> 
     </span>
     <span class='ocr_line' id='line_1_11' title="bbox 555 1523 2070 1648; baseline 0.004 -42"><span class='ocrx_word' id='word_1_67' title='bbox 555 1557 642 1607; x_wconf 85' lang='lat' dir='ltr'>ante</span> <span class='ocrx_word' id='word_1_68' title='bbox 663 1533 843 1634; x_wconf 89' lang='lat' dir='ltr'>porticum</span> <span class='ocrx_word' id='word_1_69' title='bbox 858 1526 1021 1604; x_wconf 79' lang='lat' dir='ltr'>Ecclesia:</span> <span class='ocrx_word' id='word_1_70' title='bbox 1038 1523 1307 1604; x_wconf 88' lang='lat' dir='ltr'>conficiendam</span> <span class='ocrx_word' id='word_1_71' title='bbox 1323 1523 1446 1606; x_wconf 89' lang='lat' dir='ltr'>diruta</span> <span class='ocrx_word' id='word_1_72' title='bbox 1458 1530 1520 1607; x_wconf 91' lang='lat' dir='ltr'>cst.</span> <span class='ocrx_word' id='word_1_73' title='bbox 1549 1534 1594 1606; x_wconf 95' lang='lat' dir='ltr'>ln</span> <span class='ocrx_word' id='word_1_74' title='bbox 1607 1556 1712 1610; x_wconf 91' lang='lat' dir='ltr'>muto</span> <span class='ocrx_word' id='word_1_75' title='bbox 1728 1561 1853 1612; x_wconf 89' lang='lat' dir='ltr'>autem</span> <span class='ocrx_word' id='word_1_76' title='bbox 1877 1573 1897 1601; x_wconf 77' lang='lat' dir='ltr'>u</span> <span class='ocrx_word' id='word_1_77' title='bbox 1915 1532 1996 1645; x_wconf 48' lang='grc' dir='ltr'>’ἴω</span> <span class='ocrx_word' id='word_1_78' title='bbox 2009 1538 2070 1648; x_wconf 57' lang='lat' dir='ltr'>”js</span> 
     </span>
     <span class='ocr_line' id='line_1_12' title="bbox 557 1594 2084 1746; baseline 0.003 -30"><span class='ocrx_word' id='word_1_79' title='bbox 557 1650 595 1716; x_wconf 74' lang='lat' dir='ltr'>dr</span> <span class='ocrx_word' id='word_1_80' title='bbox 621 1639 657 1713; x_wconf 89' lang='lat' dir='ltr'>in</span> <span class='ocrx_word' id='word_1_81' title='bbox 682 1635 930 1713; x_wconf 79' lang='lat' dir='ltr'>fundamentis</span> <span class='ocrx_word' id='word_1_82' title='bbox 953 1659 1094 1737; x_wconf 87' lang='lat' dir='ltr'>reperta</span> <span class='ocrx_word' id='word_1_83' title='bbox 1113 1633 1196 1711; x_wconf 89' lang='lat' dir='ltr'>sunt</span> <span class='ocrx_word' id='word_1_84' title='bbox 1225 1631 1436 1713; x_wconf 73' lang='lat' dir='ltr'>oslodecim</span> <span class='ocrx_word' id='word_1_85' title='bbox 1462 1663 1525 1713; x_wconf 86' lang='lat' dir='ltr'>aut</span> <span class='ocrx_word' id='word_1_86' title='bbox 1550 1638 1684 1741; x_wconf 83' lang='lat' dir='ltr'>viginti</span> <span class='ocrx_word' id='word_1_87' title='bbox 1712 1645 1852 1746; x_wconf 89' lang='lat' dir='ltr'>capita,</span> <span class='ocrx_word' id='word_1_88' title='bbox 1876 1680 1895 1706; x_wconf 66' lang='grc' dir='ltr'>«ι</span> <span class='ocrx_word' id='word_1_89' title='bbox 1917 1594 2029 1721; x_wconf 39' lang='lat' dir='ltr'>camp</span> <span class='ocrx_word' id='word_1_90' title='bbox 2049 1612 2084 1646; x_wconf 37' lang='grc' dir='ltr'>ι’</span> 
     </span>
     <span class='ocr_line' id='line_1_13' title="bbox 557 1743 1898 1850; baseline 0.007 -33"><span class='ocrx_word' id='word_1_91' title='bbox 557 1772 638 1847; x_wconf 84' lang='lat' dir='ltr'>quar</span> <span class='ocrx_word' id='word_1_92' title='bbox 656 1746 783 1821; x_wconf 90' lang='lat' dir='ltr'>omnia</span> <span class='ocrx_word' id='word_1_93' title='bbox 799 1745 1065 1847; x_wconf 84' lang='lat' dir='ltr'>Imperatorum</span> <span class='ocrx_word' id='word_1_94' title='bbox 1084 1766 1199 1817; x_wconf 87' lang='lat' dir='ltr'>erant.</span> <span class='ocrx_word' id='word_1_95' title='bbox 1238 1743 1388 1818; x_wconf 83' lang='lat' dir='ltr'>Horum</span> <span class='ocrx_word' id='word_1_96' title='bbox 1406 1770 1545 1850; x_wconf 91' lang='lat' dir='ltr'>partem</span> <span class='ocrx_word' id='word_1_97' title='bbox 1565 1743 1667 1840; x_wconf 76' lang='lat' dir='ltr'>trite,</span> <span class='ocrx_word' id='word_1_98' title='bbox 1688 1749 1743 1824; x_wconf 88' lang='lat' dir='ltr'>vir</span> <span class='ocrx_word' id='word_1_99' title='bbox 1765 1753 1852 1827; x_wconf 86' lang='lat' dir='ltr'>clar.</span> <span class='ocrx_word' id='word_1_100' title='bbox 1878 1788 1898 1816; x_wconf 75' lang='grc' dir='ltr'><strong><em>κ</em></strong></span> 
     </span>
     <span class='ocr_line' id='line_1_14' title="bbox 558 1847 1898 1955; baseline 0.005 -31"><span class='ocrx_word' id='word_1_101' title='bbox 558 1850 679 1927; x_wconf 86' lang='lat' dir='ltr'>vidisti</span> <span class='ocrx_word' id='word_1_102' title='bbox 698 1854 736 1927; x_wconf 83' lang='lat' dir='ltr'>in</span> <span class='ocrx_word' id='word_1_103' title='bbox 755 1848 872 1955; x_wconf 78' lang='lat' dir='ltr'>Xysto</span> <span class='ocrx_word' id='word_1_104' title='bbox 889 1847 1099 1925; x_wconf 86' lang='lat' dir='ltr'>Farnesrano</span> <span class='ocrx_word' id='word_1_105' title='bbox 1125 1860 1163 1928; x_wconf 67' lang='grc' dir='ltr'>δέ</span> <span class='ocrx_word' id='word_1_106' title='bbox 1183 1851 1308 1926; x_wconf 86' lang='lat' dir='ltr'>multis</span> <span class='ocrx_word' id='word_1_107' title='bbox 1328 1849 1407 1926; x_wconf 85' lang='lat' dir='ltr'>aliis</span> <span class='ocrx_word' id='word_1_108' title='bbox 1429 1853 1466 1927; x_wconf 88' lang='lat' dir='ltr'>in</span> <span class='ocrx_word' id='word_1_109' title='bbox 1484 1851 1574 1928; x_wconf 87' lang='lat' dir='ltr'>locis</span> <span class='ocrx_word' id='word_1_110' title='bbox 1596 1887 1605 1930; x_wconf 76' lang='lat' dir='ltr'><strong><em>z</em></strong></span> <span class='ocrx_word' id='word_1_111' title='bbox 1626 1857 1854 1935; x_wconf 82' lang='lat' dir='ltr'>meminivi-</span> <span class='ocrx_word' id='word_1_112' title='bbox 1877 1895 1898 1924; x_wconf 73' lang='grc' dir='ltr'>σι</span> 
     </span>
     <span class='ocr_line' id='line_1_15' title="bbox 556 1952 1898 2063; baseline -0.001 -30"><span class='ocrx_word' id='word_1_113' title='bbox 556 1952 644 2035; x_wconf 83' lang='lat' dir='ltr'>diss’e</span> <span class='ocrx_word' id='word_1_114' title='bbox 660 1985 721 2034; x_wconf 89' lang='lat' dir='ltr'>me</span> <span class='ocrx_word' id='word_1_115' title='bbox 741 1958 818 2034; x_wconf 85' lang='lat' dir='ltr'>istas</span> <span class='ocrx_word' id='word_1_116' title='bbox 838 1957 1099 2058; x_wconf 87' lang='lat' dir='ltr'>antiquitatum</span> <span class='ocrx_word' id='word_1_117' title='bbox 1118 1955 1265 2063; x_wconf 88' lang='lat' dir='ltr'>strages.</span> <span class='ocrx_word' id='word_1_118' title='bbox 1877 2002 1898 2032; x_wconf 61' lang='lat' dir='ltr'>a</span> 
     </span>
    </p>

    <p class='ocr_par' dir='ltr' id='par_1_5' title="bbox 553 2058 1854 2681">
     <span class='ocr_line' id='line_1_16' title="bbox 610 2058 1853 2173; baseline 0.009 -32"><span class='ocrx_word' id='word_1_119' title='bbox 610 2064 710 2142; x_wconf 80' lang='lat' dir='ltr'>Istaec</span> <span class='ocrx_word' id='word_1_120' title='bbox 723 2065 845 2170; x_wconf 87' lang='lat' dir='ltr'>capita</span> <span class='ocrx_word' id='word_1_121' title='bbox 862 2060 944 2140; x_wconf 91' lang='lat' dir='ltr'>casu</span> <span class='ocrx_word' id='word_1_122' title='bbox 956 2089 1032 2138; x_wconf 92' lang='lat' dir='ltr'>non</span> <span class='ocrx_word' id='word_1_123' title='bbox 1044 2063 1194 2139; x_wconf 79' lang='lat' dir='ltr'>consilio</span> <span class='ocrx_word' id='word_1_124' title='bbox 1211 2066 1350 2169; x_wconf 87' lang='lat' dir='ltr'>inopus</span> <span class='ocrx_word' id='word_1_125' title='bbox 1361 2061 1510 2141; x_wconf 85' lang='lat' dir='ltr'>admota</span> <span class='ocrx_word' id='word_1_126' title='bbox 1526 2058 1853 2173; x_wconf 84' lang='lat' dir='ltr'>fuerant,quando</span> 
     </span>
     <span class='ocr_line' id='line_1_17' title="bbox 554 2166 1853 2278; baseline 0.007 -28"><span class='ocrx_word' id='word_1_127' title='bbox 554 2169 672 2278; x_wconf 86' lang='lat' dir='ltr'>sparsa</span> <span class='ocrx_word' id='word_1_128' title='bbox 691 2175 729 2248; x_wconf 90' lang='lat' dir='ltr'>in</span> <span class='ocrx_word' id='word_1_129' title='bbox 740 2199 846 2249; x_wconf 90' lang='lat' dir='ltr'>muro</span> <span class='ocrx_word' id='word_1_130' title='bbox 861 2170 944 2252; x_wconf 84' lang='lat' dir='ltr'>&amp;in</span> <span class='ocrx_word' id='word_1_131' title='bbox 959 2166 1532 2251; x_wconf 76' lang='lat' dir='ltr'>fundamentiserantz&amp;eade1n</span> <span class='ocrx_word' id='word_1_132' title='bbox 1549 2195 1590 2249; x_wconf 93' lang='lat' dir='ltr'>ut</span> <span class='ocrx_word' id='word_1_133' title='bbox 1604 2171 1750 2253; x_wconf 88' lang='lat' dir='ltr'>videtur</span> <span class='ocrx_word' id='word_1_134' title='bbox 1767 2177 1853 2259; x_wconf 90' lang='lat' dir='ltr'>suut</span> 
     </span>
     <span class='ocr_line' id='line_1_18' title="bbox 555 2275 1854 2386; baseline 0.008 -30"><span class='ocrx_word' id='word_1_135' title='bbox 555 2307 637 2384; x_wconf 85' lang='lat' dir='ltr'>quae</span> <span class='ocrx_word' id='word_1_136' title='bbox 658 2279 839 2386; x_wconf 87' lang='lat' dir='ltr'>hodieque</span> <span class='ocrx_word' id='word_1_137' title='bbox 866 2282 903 2355; x_wconf 93' lang='lat' dir='ltr'>in</span> <span class='ocrx_word' id='word_1_138' title='bbox 917 2275 1028 2382; x_wconf 85' lang='lat' dir='ltr'>Xysto</span> <span class='ocrx_word' id='word_1_139' title='bbox 1045 2276 1256 2355; x_wconf 76' lang='lat' dir='ltr'>Fumefiano</span> <span class='ocrx_word' id='word_1_140' title='bbox 1281 2277 1453 2356; x_wconf 87' lang='lat' dir='ltr'>visuntur.</span> <span class='ocrx_word' id='word_1_141' title='bbox 1497 2282 1649 2360; x_wconf 87' lang='lat' dir='ltr'>Etcum</span> <span class='ocrx_word' id='word_1_142' title='bbox 1676 2288 1789 2385; x_wconf 92' lang='lat' dir='ltr'>olim,</span> <span class='ocrx_word' id='word_1_143' title='bbox 1811 2317 1854 2367; x_wconf 87' lang='lat' dir='ltr'>ut</span> 
     </span>
     <span class='ocr_line' id='line_1_19' title="bbox 554 2382 1853 2493; baseline 0.008 -29"><span class='ocrx_word' id='word_1_144' title='bbox 554 2388 758 2491; x_wconf 64' lang='lat' dir='ltr'>conjcdare</span> <span class='ocrx_word' id='word_1_145' title='bbox 772 2388 844 2483; x_wconf 84' lang='lat' dir='ltr'>est,</span> <span class='ocrx_word' id='word_1_146' title='bbox 865 2382 1078 2463; x_wconf 75' lang='lat' dir='ltr'>decoranda</span> <span class='ocrx_word' id='word_1_147' title='bbox 1092 2385 1217 2462; x_wconf 83' lang='lat' dir='ltr'>versut</span> <span class='ocrx_word' id='word_1_148' title='bbox 1233 2411 1363 2493; x_wconf 87' lang='lat' dir='ltr'>agrum</span> <span class='ocrx_word' id='word_1_149' title='bbox 1383 2391 1573 2463; x_wconf 90' lang='lat' dir='ltr'>Veranum</span> <span class='ocrx_word' id='word_1_150' title='bbox 1591 2385 1738 2470; x_wconf 88' lang='lat' dir='ltr'>cuidam</span> <span class='ocrx_word' id='word_1_151' title='bbox 1758 2398 1853 2474; x_wconf 83' lang='lat' dir='ltr'>villae</span> 
     </span>
     <span class='ocr_line' id='line_1_20' title="bbox 554 2488 1851 2592; baseline 0.009 -21"><span class='ocrx_word' id='word_1_152' title='bbox 554 2497 624 2574; x_wconf 89' lang='lat' dir='ltr'>usu</span> <span class='ocrx_word' id='word_1_153' title='bbox 648 2493 846 2591; x_wconf 84' lang='lat' dir='ltr'>venissent,</span> <span class='ocrx_word' id='word_1_154' title='bbox 871 2493 991 2573; x_wconf 89' lang='lat' dir='ltr'>diruta</span> <span class='ocrx_word' id='word_1_155' title='bbox 1011 2488 1164 2570; x_wconf 91' lang='lat' dir='ltr'>demum</span> <span class='ocrx_word' id='word_1_156' title='bbox 1185 2494 1295 2592; x_wconf 88' lang='lat' dir='ltr'>villa,</span> <span class='ocrx_word' id='word_1_157' title='bbox 1315 2491 1475 2571; x_wconf 79' lang='lat' dir='ltr'>inillam</span> <span class='ocrx_word' id='word_1_158' title='bbox 1494 2489 1673 2578; x_wconf 81' lang='lat' dir='ltr'>fabricam</span> <span class='ocrx_word' id='word_1_159' title='bbox 1699 2498 1851 2583; x_wconf 83' lang='lat' dir='ltr'>admota</span> 
     </span>
     <span class='ocr_line' id='line_1_21' title="bbox 553 2600 649 2681; baseline 0.01 -1"><span class='ocrx_word' id='word_1_160' title='bbox 553 2600 649 2681; x_wconf 88' lang='lat' dir='ltr'>sunt.</span> 
     </span>
    </p>

    <p class='ocr_par' dir='ltr' id='par_1_6' title="bbox 552 2701 1895 3568">
     <span class='ocr_line' id='line_1_22' title="bbox 606 2701 1894 2817; baseline 0 -29"><span class='ocrx_word' id='word_1_161' title='bbox 606 2711 768 2790; x_wconf 90' lang='lat' dir='ltr'>Memini</span> <span class='ocrx_word' id='word_1_162' title='bbox 795 2708 972 2791; x_wconf 85' lang='lat' dir='ltr'>audivisse</span> <span class='ocrx_word' id='word_1_163' title='bbox 997 2737 1087 2807; x_wconf 91' lang='lat' dir='ltr'>me,</span> <span class='ocrx_word' id='word_1_164' title='bbox 1114 2735 1300 2817; x_wconf 86' lang='lat' dir='ltr'>repertum</span> <span class='ocrx_word' id='word_1_165' title='bbox 1324 2701 1451 2805; x_wconf 79' lang='lat' dir='ltr'>soille,</span> <span class='ocrx_word' id='word_1_166' title='bbox 1472 2712 1531 2789; x_wconf 84' lang='lat' dir='ltr'>via</span> <span class='ocrx_word' id='word_1_167' title='bbox 1550 2708 1759 2795; x_wconf 85' lang='lat' dir='ltr'>Pranestina</span> <span class='ocrx_word' id='word_1_168' title='bbox 1787 2746 1850 2798; x_wconf 86' lang='lat' dir='ltr'>ex.</span> <span class='ocrx_word' id='word_1_169' title='bbox 1872 2757 1894 2788; x_wconf 62' lang='lat' dir='ltr'>a</span> 
     </span>
     <span class='ocr_line' id='line_1_23' title="bbox 554 2803 1895 2929; baseline 0.01 -36"><span class='ocrx_word' id='word_1_170' title='bbox 554 2842 762 2925; x_wconf 87' lang='lat' dir='ltr'>traportam</span> <span class='ocrx_word' id='word_1_171' title='bbox 775 2819 885 2897; x_wconf 63' lang='lat' dir='ltr'>sandi</span> <span class='ocrx_word' id='word_1_172' title='bbox 900 2803 1363 2913; x_wconf 73' lang='lat' dir='ltr'>laurentii,marmdreum</span> <span class='ocrx_word' id='word_1_173' title='bbox 1375 2822 1573 2915; x_wconf 89' lang='lat' dir='ltr'>tumulum,</span> <span class='ocrx_word' id='word_1_174' title='bbox 1586 2845 1672 2898; x_wconf 88' lang='lat' dir='ltr'>cum</span> <span class='ocrx_word' id='word_1_175' title='bbox 1685 2827 1850 2929; x_wconf 89' lang='lat' dir='ltr'>pulcher·</span> <span class='ocrx_word' id='word_1_176' title='bbox 1874 2865 1895 2894; x_wconf 90' lang='lat'><strong>·</strong></span> 
     </span>
     <span class='ocr_line' id='line_1_24' title="bbox 552 2922 1894 3030; baseline 0.006 -29"><span class='ocrx_word' id='word_1_177' title='bbox 552 2927 647 3003; x_wconf 91' lang='lat' dir='ltr'>rima</span> <span class='ocrx_word' id='word_1_178' title='bbox 666 2925 900 3030; x_wconf 88' lang='lat' dir='ltr'>inscriptione</span> <span class='ocrx_word' id='word_1_179' title='bbox 917 2929 954 3003; x_wconf 91' lang='lat' dir='ltr'>in</span> <span class='ocrx_word' id='word_1_180' title='bbox 972 2922 1119 3002; x_wconf 88' lang='lat' dir='ltr'>laudem</span> <span class='ocrx_word' id='word_1_181' title='bbox 1138 2927 1247 3003; x_wconf 86' lang='lat' dir='ltr'>mulae</span> <span class='ocrx_word' id='word_1_182' title='bbox 1265 2922 1476 3025; x_wconf 83' lang='lat' dir='ltr'>cujusdam,</span> <span class='ocrx_word' id='word_1_183' title='bbox 1495 2926 1627 3003; x_wconf 87' lang='lat' dir='ltr'>eodem</span> <span class='ocrx_word' id='word_1_184' title='bbox 1647 2931 1686 3006; x_wconf 93' lang='lat' dir='ltr'>in</span> <span class='ocrx_word' id='word_1_185' title='bbox 1704 2936 1848 3013; x_wconf 89' lang='lat' dir='ltr'>tumulo</span> <span class='ocrx_word' id='word_1_186' title='bbox 1871 2977 1894 3009; x_wconf 64' lang='lat' dir='ltr'>a</span> 
     </span>
     <span class='ocr_line' id='line_1_25' title="bbox 553 3029 1892 3141; baseline 0.006 -31"><span class='ocrx_word' id='word_1_187' title='bbox 553 3035 645 3110; x_wconf 92' lang='lat' dir='ltr'>olim</span> <span class='ocrx_word' id='word_1_188' title='bbox 666 3033 813 3140; x_wconf 89' lang='lat' dir='ltr'>sepultae</span> <span class='ocrx_word' id='word_1_189' title='bbox 825 3066 834 3110; x_wconf 74' lang='grc' dir='ltr'><strong>ε</strong></span> <span class='ocrx_word' id='word_1_190' title='bbox 847 3045 885 3113; x_wconf 87' lang='lat'>&amp;</span> <span class='ocrx_word' id='word_1_191' title='bbox 902 3034 996 3110; x_wconf 90' lang='lat' dir='ltr'>inter</span> <span class='ocrx_word' id='word_1_192' title='bbox 1012 3032 1085 3109; x_wconf 88' lang='lat' dir='ltr'>alia</span> <span class='ocrx_word' id='word_1_193' title='bbox 1104 3034 1180 3135; x_wconf 83' lang='lat' dir='ltr'>ejus</span> <span class='ocrx_word' id='word_1_194' title='bbox 1198 3036 1366 3109; x_wconf 88' lang='lat' dir='ltr'>encomia</span> <span class='ocrx_word' id='word_1_195' title='bbox 1384 3033 1618 3127; x_wconf 80' lang='lat' dir='ltr'>narrabatur,</span> <span class='ocrx_word' id='word_1_196' title='bbox 1634 3029 1769 3141; x_wconf 85' lang='lat' dir='ltr'>ipsam,</span> <span class='ocrx_word' id='word_1_197' title='bbox 1782 3043 1845 3118; x_wconf 88' lang='lat' dir='ltr'>ubi</span> <span class='ocrx_word' id='word_1_198' title='bbox 1869 3086 1892 3117; x_wconf 67' lang='grc' dir='ltr'>«ι</span> 
     </span>
     <span class='ocr_line' id='line_1_26' title="bbox 552 3138 1893 3249; baseline 0.008 -34"><span class='ocrx_word' id='word_1_199' title='bbox 552 3138 747 3219; x_wconf 89' lang='lat' dir='ltr'>dominum</span> <span class='ocrx_word' id='word_1_200' title='bbox 764 3139 886 3217; x_wconf 90' lang='lat' dir='ltr'>senem</span> <span class='ocrx_word' id='word_1_201' title='bbox 909 3153 947 3223; x_wconf 71' lang='lat' dir='ltr'>dr</span> <span class='ocrx_word' id='word_1_202' title='bbox 963 3166 1112 3249; x_wconf 79' lang='lat' dir='ltr'>gravem</span> <span class='ocrx_word' id='word_1_203' title='bbox 1131 3164 1238 3217; x_wconf 86' lang='lat' dir='ltr'>aetate</span> <span class='ocrx_word' id='word_1_204' title='bbox 1255 3138 1352 3217; x_wconf 82' lang='lat' dir='ltr'>vidit</span> <span class='ocrx_word' id='word_1_205' title='bbox 1365 3202 1377 3236; x_wconf 95' lang='lat'>,</span> <span class='ocrx_word' id='word_1_206' title='bbox 1390 3166 1509 3248; x_wconf 84' lang='lat' dir='ltr'>genua</span> <span class='ocrx_word' id='word_1_207' title='bbox 1525 3138 1681 3240; x_wconf 77' lang='lat' dir='ltr'>flexisse,</span> <span class='ocrx_word' id='word_1_208' title='bbox 1699 3174 1739 3222; x_wconf 93' lang='lat' dir='ltr'>ur</span> <span class='ocrx_word' id='word_1_209' title='bbox 1756 3149 1846 3225; x_wconf 83' lang='lat' dir='ltr'>faci·</span> <span class='ocrx_word' id='word_1_210' title='bbox 1869 3193 1893 3224; x_wconf 65' lang='lat' dir='ltr'>a</span> 
     </span>
     <span class='ocr_line' id='line_1_27' title="bbox 552 3243 1890 3348; baseline 0.006 -25"><span class='ocrx_word' id='word_1_211' title='bbox 552 3243 626 3326; x_wconf 77' lang='lat' dir='ltr'>liris</span> <span class='ocrx_word' id='word_1_212' title='bbox 649 3250 684 3327; x_wconf 89' lang='lat' dir='ltr'>sc</span> <span class='ocrx_word' id='word_1_213' title='bbox 707 3245 979 3326; x_wconf 87' lang='lat' dir='ltr'>conscenderet.</span> <span class='ocrx_word' id='word_1_214' title='bbox 1023 3250 1140 3348; x_wconf 84' lang='lat' dir='ltr'>Cujus</span> <span class='ocrx_word' id='word_1_215' title='bbox 1166 3248 1215 3324; x_wconf 90' lang='lat' dir='ltr'>rei</span> <span class='ocrx_word' id='word_1_216' title='bbox 1241 3250 1469 3325; x_wconf 89' lang='lat' dir='ltr'>mentionem</span> <span class='ocrx_word' id='word_1_217' title='bbox 1498 3248 1635 3324; x_wconf 75' lang='lat' dir='ltr'>auimo</span> <span class='ocrx_word' id='word_1_218' title='bbox 1665 3247 1845 3333; x_wconf 60' lang='lat' dir='ltr'>faciurum</span> <span class='ocrx_word' id='word_1_219' title='bbox 1868 3303 1890 3331; x_wconf 62' lang='lat' dir='ltr'>a</span> 
     </span>
     <span class='ocr_line' id='line_1_28' title="bbox 553 3350 1889 3466; baseline 0 -32"><span class='ocrx_word' id='word_1_220' title='bbox 553 3358 603 3434; x_wconf 91' lang='lat' dir='ltr'>V.</span> <span class='ocrx_word' id='word_1_221' title='bbox 627 3361 714 3433; x_wconf 86' lang='lat' dir='ltr'>clar.</span> <span class='ocrx_word' id='word_1_222' title='bbox 736 3356 882 3433; x_wconf 86' lang='lat' dir='ltr'>Petrum</span> <span class='ocrx_word' id='word_1_223' title='bbox 904 3360 1068 3433; x_wconf 89' lang='lat' dir='ltr'>Leonem</span> <span class='ocrx_word' id='word_1_224' title='bbox 1087 3351 1132 3430; x_wconf 94' lang='lat' dir='ltr'>de</span> <span class='ocrx_word' id='word_1_225' title='bbox 1143 3355 1305 3433; x_wconf 83' lang='lat' dir='ltr'>Castello</span> <span class='ocrx_word' id='word_1_226' title='bbox 1324 3356 1362 3431; x_wconf 90' lang='lat' dir='ltr'>in</span> <span class='ocrx_word' id='word_1_227' title='bbox 1379 3378 1487 3460; x_wconf 87' lang='lat' dir='ltr'>opere</span> <span class='ocrx_word' id='word_1_228' title='bbox 1499 3350 1564 3428; x_wconf 90' lang='lat' dir='ltr'>suo</span> <span class='ocrx_word' id='word_1_229' title='bbox 1581 3351 1627 3432; x_wconf 92' lang='lat' dir='ltr'>de</span> <span class='ocrx_word' id='word_1_230' title='bbox 1640 3359 1845 3466; x_wconf 83' lang='lat' dir='ltr'>Epitaphiis</span> <span class='ocrx_word' id='word_1_231' title='bbox 1868 3406 1889 3434; x_wconf 64' lang='lat' dir='ltr'>a</span> 
     </span>
     <span class='ocr_line' id='line_1_29' title="bbox 552 3460 1889 3568; baseline -0.004 -29"><span class='ocrx_word' id='word_1_232' title='bbox 552 3465 737 3567; x_wconf 77' lang='lat' dir='ltr'>antiquit,</span> <span class='ocrx_word' id='word_1_233' title='bbox 755 3461 857 3568; x_wconf 91' lang='lat' dir='ltr'>quod</span> <span class='ocrx_word' id='word_1_234' title='bbox 877 3463 978 3539; x_wconf 82' lang='lat' dir='ltr'>brevi</span> <span class='ocrx_word' id='word_1_235' title='bbox 1001 3464 1126 3538; x_wconf 87' lang='lat' dir='ltr'>lucem</span> <span class='ocrx_word' id='word_1_236' title='bbox 1142 3460 1298 3539; x_wconf 83' lang='lat' dir='ltr'>visurum</span> <span class='ocrx_word' id='word_1_237' title='bbox 1313 3486 1414 3566; x_wconf 91' lang='lat' dir='ltr'>puto.</span> <span class='ocrx_word' id='word_1_238' title='bbox 1868 3504 1889 3534; x_wconf 64' lang='lat' dir='ltr'>a</span> 
     </span>
    </p>

    <p class='ocr_par' dir='ltr' id='par_1_7' title="bbox 549 3566 1891 4647">
     <span class='ocr_line' id='line_1_30' title="bbox 624 3566 1891 3676; baseline -0.003 -28"><span class='ocrx_word' id='word_1_239' title='bbox 624 3568 739 3648; x_wconf 88' lang='lat' dir='ltr'>Haud</span> <span class='ocrx_word' id='word_1_240' title='bbox 766 3573 889 3676; x_wconf 91' lang='lat' dir='ltr'>procul</span> <span class='ocrx_word' id='word_1_241' title='bbox 911 3569 976 3646; x_wconf 87' lang='lat' dir='ltr'>isto</span> <span class='ocrx_word' id='word_1_242' title='bbox 998 3569 1083 3646; x_wconf 89' lang='lat' dir='ltr'>loco</span> <span class='ocrx_word' id='word_1_243' title='bbox 1108 3566 1158 3645; x_wconf 90' lang='lat' dir='ltr'>est</span> <span class='ocrx_word' id='word_1_244' title='bbox 1184 3570 1290 3645; x_wconf 89' lang='lat' dir='ltr'>vinea</span> <span class='ocrx_word' id='word_1_245' title='bbox 1315 3579 1355 3647; x_wconf 76' lang='grc' dir='ltr'>δι</span> <span class='ocrx_word' id='word_1_246' title='bbox 1383 3568 1464 3648; x_wconf 88' lang='lat' dir='ltr'>casa</span> <span class='ocrx_word' id='word_1_247' title='bbox 1483 3570 1636 3649; x_wconf 89' lang='lat' dir='ltr'>nominc</span> <span class='ocrx_word' id='word_1_248' title='bbox 1659 3587 1846 3653; x_wconf 80' lang='lat' dir='ltr'>Marmora·</span> <span class='ocrx_word' id='word_1_249' title='bbox 1869 3612 1891 3644; x_wconf 69' lang='grc' dir='ltr'>κ</span> 
     </span>
     <span class='ocr_line' id='line_1_31' title="bbox 552 3674 1891 3784; baseline 0.003 -29"><span class='ocrx_word' id='word_1_250' title='bbox 552 3702 611 3776; x_wconf 84' lang='lat' dir='ltr'>ta,</span> <span class='ocrx_word' id='word_1_251' title='bbox 629 3678 692 3755; x_wconf 91' lang='lat' dir='ltr'>ubi</span> <span class='ocrx_word' id='word_1_252' title='bbox 713 3679 807 3755; x_wconf 88' lang='lat' dir='ltr'>bene</span> <span class='ocrx_word' id='word_1_253' title='bbox 828 3681 945 3754; x_wconf 89' lang='lat' dir='ltr'>multa</span> <span class='ocrx_word' id='word_1_254' title='bbox 963 3678 1192 3780; x_wconf 80' lang='lat' dir='ltr'>antiquitatis</span> <span class='ocrx_word' id='word_1_255' title='bbox 1203 3676 1301 3784; x_wconf 84' lang='lat' dir='ltr'>figna</span> <span class='ocrx_word' id='word_1_256' title='bbox 1322 3706 1330 3750; x_wconf 92' lang='lat'><strong>:</strong></span> <span class='ocrx_word' id='word_1_257' title='bbox 1353 3688 1390 3756; x_wconf 77' lang='grc' dir='ltr'>δι</span> <span class='ocrx_word' id='word_1_258' title='bbox 1404 3674 1499 3755; x_wconf 85' lang='lat' dir='ltr'>haud</span> <span class='ocrx_word' id='word_1_259' title='bbox 1518 3676 1627 3755; x_wconf 90' lang='lat' dir='ltr'>dubie</span> <span class='ocrx_word' id='word_1_260' title='bbox 1641 3704 1763 3756; x_wconf 92' lang='lat' dir='ltr'>ortum</span> <span class='ocrx_word' id='word_1_261' title='bbox 1781 3710 1846 3759; x_wconf 89' lang='lat' dir='ltr'>no·</span> <span class='ocrx_word' id='word_1_262' title='bbox 1869 3718 1891 3749; x_wconf 74' lang='lat' dir='ltr'>ec</span> 
     </span>
     <span class='ocr_line' id='line_1_32' title="bbox 550 3780 1891 3886; baseline -0.003 -24"><span class='ocrx_word' id='word_1_263' title='bbox 550 3811 639 3863; x_wconf 90' lang='lat' dir='ltr'>men</span> <span class='ocrx_word' id='word_1_264' title='bbox 658 3786 708 3864; x_wconf 90' lang='lat' dir='ltr'>est</span> <span class='ocrx_word' id='word_1_265' title='bbox 729 3780 750 3860; x_wconf 73' lang='lat' dir='ltr'>i</span> <span class='ocrx_word' id='word_1_266' title='bbox 771 3780 1009 3862; x_wconf 88' lang='lat' dir='ltr'>multitudine</span> <span class='ocrx_word' id='word_1_267' title='bbox 1035 3810 1281 3885; x_wconf 85' lang='lat' dir='ltr'>marmorum,</span> <span class='ocrx_word' id='word_1_268' title='bbox 1301 3807 1385 3886; x_wconf 84' lang='lat' dir='ltr'>quae</span> <span class='ocrx_word' id='word_1_269' title='bbox 1405 3786 1484 3864; x_wconf 88' lang='lat' dir='ltr'>illic</span> <span class='ocrx_word' id='word_1_270' title='bbox 1505 3787 1598 3862; x_wconf 90' lang='lat' dir='ltr'>olim</span> <span class='ocrx_word' id='word_1_271' title='bbox 1615 3811 1732 3864; x_wconf 85' lang='lat' dir='ltr'>erant.</span> <span class='ocrx_word' id='word_1_272' title='bbox 1771 3794 1846 3867; x_wconf 85' lang='lat' dir='ltr'>Lo·</span> <span class='ocrx_word' id='word_1_273' title='bbox 1869 3827 1891 3858; x_wconf 66' lang='lat' dir='ltr'>a</span> 
     </span>
     <span class='ocr_line' id='line_1_33' title="bbox 550 3890 1888 3998; baseline 0.002 -26"><span class='ocrx_word' id='word_1_274' title='bbox 550 3921 638 3972; x_wconf 89' lang='lat' dir='ltr'>curn</span> <span class='ocrx_word' id='word_1_275' title='bbox 662 3893 808 3973; x_wconf 89' lang='lat' dir='ltr'>obtinet</span> <span class='ocrx_word' id='word_1_276' title='bbox 831 3894 1035 3998; x_wconf 87' lang='lat' dir='ltr'>capitulum</span> <span class='ocrx_word' id='word_1_277' title='bbox 1063 3890 1097 3968; x_wconf 88' lang='lat' dir='ltr'>S.</span> <span class='ocrx_word' id='word_1_278' title='bbox 1120 3893 1268 3983; x_wconf 81' lang='lat' dir='ltr'>Joannis</span> <span class='ocrx_word' id='word_1_279' title='bbox 1285 3892 1544 3969; x_wconf 84' lang='lat' dir='ltr'>Lateranenfis.</span> <span class='ocrx_word' id='word_1_280' title='bbox 1579 3896 1680 3971; x_wconf 85' lang='lat' dir='ltr'>Cum</span> <span class='ocrx_word' id='word_1_281' title='bbox 1706 3898 1846 3975; x_wconf 85' lang='lat' dir='ltr'>vellent</span> <span class='ocrx_word' id='word_1_282' title='bbox 1869 3935 1888 3962; x_wconf 73' lang='grc' dir='ltr'>ι·</span> 
     </span>
     <span class='ocr_line' id='line_1_34' title="bbox 549 3996 1888 4107; baseline 0 -29"><span class='ocrx_word' id='word_1_283' title='bbox 549 4029 660 4106; x_wconf 89' lang='lat' dir='ltr'>porro</span> <span class='ocrx_word' id='word_1_284' title='bbox 677 4002 861 4081; x_wconf 85' lang='lat' dir='ltr'>Canonici</span> <span class='ocrx_word' id='word_1_285' title='bbox 882 4003 1018 4079; x_wconf 90' lang='lat' dir='ltr'>clathra</span> <span class='ocrx_word' id='word_1_286' title='bbox 1037 3996 1125 4079; x_wconf 84' lang='lat' dir='ltr'>casae</span> <span class='ocrx_word' id='word_1_287' title='bbox 1135 4025 1271 4104; x_wconf 85' lang='lat' dir='ltr'>parare,</span> <span class='ocrx_word' id='word_1_288' title='bbox 1281 3999 1458 4107; x_wconf 83' lang='lat' dir='ltr'>lithurgos</span> <span class='ocrx_word' id='word_1_289' title='bbox 1475 4025 1685 4097; x_wconf 84' lang='lat' dir='ltr'>evocarunt,</span> <span class='ocrx_word' id='word_1_290' title='bbox 1696 4006 1758 4107; x_wconf 92' lang='lat' dir='ltr'>qui</span> <span class='ocrx_word' id='word_1_291' title='bbox 1778 4006 1846 4083; x_wconf 87' lang='lat' dir='ltr'>Ti·</span> <span class='ocrx_word' id='word_1_292' title='bbox 1867 4041 1888 4071; x_wconf 77' lang='grc' dir='ltr'>«ι</span> 
     </span>
     <span class='ocr_line' id='line_1_35' title="bbox 550 4102 1889 4217; baseline -0.001 -30"><span class='ocrx_word' id='word_1_293' title='bbox 550 4110 718 4188; x_wconf 85' lang='lat' dir='ltr'>burtinos</span> <span class='ocrx_word' id='word_1_294' title='bbox 728 4108 876 4215; x_wconf 83' lang='lat' dir='ltr'>lapides</span> <span class='ocrx_word' id='word_1_295' title='bbox 896 4105 989 4185; x_wconf 85' lang='lat' dir='ltr'>duos</span> <span class='ocrx_word' id='word_1_296' title='bbox 1007 4102 1327 4217; x_wconf 88' lang='lat' dir='ltr'>ingentes,adhuc</span> <span class='ocrx_word' id='word_1_297' title='bbox 1345 4132 1447 4186; x_wconf 86' lang='lat' dir='ltr'>terrae</span> <span class='ocrx_word' id='word_1_298' title='bbox 1464 4110 1737 4214; x_wconf 80' lang='lat' dir='ltr'>prominentes,</span> <span class='ocrx_word' id='word_1_299' title='bbox 1754 4114 1845 4187; x_wconf 87' lang='lat' dir='ltr'>alte·</span> <span class='ocrx_word' id='word_1_300' title='bbox 1867 4150 1889 4179; x_wconf 69' lang='lat' dir='ltr'>a</span> 
     </span>
     <span class='ocr_line' id='line_1_36' title="bbox 549 4213 1890 4325; baseline -0.005 -31"><span class='ocrx_word' id='word_1_301' title='bbox 549 4242 633 4294; x_wconf 86' lang='lat' dir='ltr'>rum</span> <span class='ocrx_word' id='word_1_302' title='bbox 653 4218 754 4295; x_wconf 88' lang='lat' dir='ltr'>alteri</span> <span class='ocrx_word' id='word_1_303' title='bbox 779 4213 965 4324; x_wconf 84' lang='lat' dir='ltr'>impositos</span> <span class='ocrx_word' id='word_1_304' title='bbox 982 4240 1264 4321; x_wconf 89' lang='lat' dir='ltr'>perrumperent.</span> <span class='ocrx_word' id='word_1_305' title='bbox 1298 4215 1400 4292; x_wconf 83' lang='lat' dir='ltr'>Cum</span> <span class='ocrx_word' id='word_1_306' title='bbox 1417 4242 1526 4320; x_wconf 90' lang='lat' dir='ltr'>porro</span> <span class='ocrx_word' id='word_1_307' title='bbox 1548 4216 1702 4325; x_wconf 83' lang='lat' dir='ltr'>lithurgi</span> <span class='ocrx_word' id='word_1_308' title='bbox 1723 4219 1844 4321; x_wconf 89' lang='lat' dir='ltr'>super·</span> <span class='ocrx_word' id='word_1_309' title='bbox 1866 4256 1890 4287; x_wconf 63' lang='lat' dir='ltr'>a</span> 
     </span>
     <span class='ocr_line' id='line_1_37' title="bbox 550 4316 1889 4431; baseline -0.007 -28"><span class='ocrx_word' id='word_1_310' title='bbox 550 4350 643 4403; x_wconf 90' lang='lat' dir='ltr'>num</span> <span class='ocrx_word' id='word_1_311' title='bbox 663 4325 822 4430; x_wconf 90' lang='lat' dir='ltr'>lapidem</span> <span class='ocrx_word' id='word_1_312' title='bbox 839 4320 1119 4431; x_wconf 82' lang='lat' dir='ltr'>confregissent,</span> <span class='ocrx_word' id='word_1_313' title='bbox 1136 4334 1174 4402; x_wconf 77' lang='grc' dir='ltr'>δι</span> <span class='ocrx_word' id='word_1_314' title='bbox 1190 4316 1395 4429; x_wconf 81' lang='lat' dir='ltr'>fragmenta</span> <span class='ocrx_word' id='word_1_315' title='bbox 1413 4346 1651 4419; x_wconf 83' lang='lat' dir='ltr'>excuterent,</span> <span class='ocrx_word' id='word_1_316' title='bbox 1674 4321 1845 4401; x_wconf 86' lang='lat' dir='ltr'>viderunt</span> <span class='ocrx_word' id='word_1_317' title='bbox 1867 4364 1889 4394; x_wconf 60' lang='lat' dir='ltr'>a</span> 
     </span>
     <span class='ocr_line' id='line_1_38' title="bbox 549 4429 1889 4541; baseline -0.003 -33"><span class='ocrx_word' id='word_1_318' title='bbox 549 4433 650 4509; x_wconf 82' lang='lat' dir='ltr'>intus</span> <span class='ocrx_word' id='word_1_319' title='bbox 667 4460 729 4511; x_wconf 83' lang='lat' dir='ltr'>vas</span> <span class='ocrx_word' id='word_1_320' title='bbox 747 4461 793 4512; x_wconf 82' lang='lat' dir='ltr'>ex</span> <span class='ocrx_word' id='word_1_321' title='bbox 806 4432 1007 4513; x_wconf 85' lang='lat' dir='ltr'>alabastrite</span> <span class='ocrx_word' id='word_1_322' title='bbox 1024 4433 1142 4528; x_wconf 77' lang='lat' dir='ltr'>flavo,</span> <span class='ocrx_word' id='word_1_323' title='bbox 1159 4457 1244 4506; x_wconf 86' lang='lat' dir='ltr'>cum</span> <span class='ocrx_word' id='word_1_324' title='bbox 1261 4430 1448 4537; x_wconf 89' lang='lat' dir='ltr'>operculo.</span> <span class='ocrx_word' id='word_1_325' title='bbox 1480 4429 1563 4536; x_wconf 73' lang='lat' dir='ltr'><em>Q</em></span> <span class='ocrx_word' id='word_1_326' title='bbox 1576 4431 1613 4505; x_wconf 89' lang='lat' dir='ltr'>in</span> <span class='ocrx_word' id='word_1_327' title='bbox 1630 4429 1710 4509; x_wconf 83' lang='lat' dir='ltr'>casa</span> <span class='ocrx_word' id='word_1_328' title='bbox 1732 4431 1845 4541; x_wconf 85' lang='lat' dir='ltr'>dege·</span> <span class='ocrx_word' id='word_1_329' title='bbox 1867 4472 1889 4504; x_wconf 67' lang='grc' dir='ltr'><strong><em>κ</em></strong></span> 
     </span>
     <span class='ocr_line' id='line_1_39' title="bbox 551 4535 1888 4647; baseline -0.003 -32"><span class='ocrx_word' id='word_1_330' title='bbox 551 4540 640 4618; x_wconf 92' lang='lat' dir='ltr'>bant</span> <span class='ocrx_word' id='word_1_331' title='bbox 658 4540 875 4620; x_wconf 79' lang='lat' dir='ltr'>auxiliatum</span> <span class='ocrx_word' id='word_1_332' title='bbox 887 4567 1060 4620; x_wconf 88' lang='lat' dir='ltr'>venerant</span> <span class='ocrx_word' id='word_1_333' title='bbox 1073 4540 1118 4617; x_wconf 88' lang='lat' dir='ltr'>:ii</span> <span class='ocrx_word' id='word_1_334' title='bbox 1134 4536 1303 4647; x_wconf 83' lang='lat' dir='ltr'>lithurgis</span> <span class='ocrx_word' id='word_1_335' title='bbox 1315 4535 1507 4613; x_wconf 84' lang='lat' dir='ltr'>edixerunt</span> <span class='ocrx_word' id='word_1_336' title='bbox 1523 4562 1571 4611; x_wconf 91' lang='lat' dir='ltr'>ne</span> <span class='ocrx_word' id='word_1_337' title='bbox 1582 4564 1645 4613; x_wconf 83' lang='lat' dir='ltr'>vas</span> <span class='ocrx_word' id='word_1_338' title='bbox 1657 4541 1847 4647; x_wconf 84' lang='lat' dir='ltr'>continge-</span> <span class='ocrx_word' id='word_1_339' title='bbox 1866 4580 1888 4611; x_wconf 63' lang='lat' dir='ltr'>a</span> 
     </span>
    </p>
   </div>
   <div class='ocr_carea' id='block_1_3' title="bbox 549 4639 1888 4760">
    <p class='ocr_par' dir='ltr' id='par_1_8' title="bbox 549 4639 1888 4760">
     <span class='ocr_line' id='line_1_40' title="bbox 549 4639 1888 4760; baseline -0.004 -29"><span class='ocrx_word' id='word_1_340' title='bbox 549 4670 650 4742; x_wconf 60' lang='lat' dir='ltr'>renti</span> <span class='ocrx_word' id='word_1_341' title='bbox 662 4646 826 4758; x_wconf 87' lang='lat' dir='ltr'>unusque</span> <span class='ocrx_word' id='word_1_342' title='bbox 843 4676 923 4732; x_wconf 89' lang='lat' dir='ltr'>tem</span> <span class='ocrx_word' id='word_1_343' title='bbox 941 4646 1063 4731; x_wconf 77' lang='lat' dir='ltr'>subito</span> <span class='ocrx_word' id='word_1_344' title='bbox 1081 4645 1241 4753; x_wconf 81' lang='lat' dir='ltr'>capitulo</span> <span class='ocrx_word' id='word_1_345' title='bbox 1260 4645 1496 4729; x_wconf 80' lang='lat' dir='ltr'>renuntiavit.</span> <span class='ocrx_word' id='word_1_346' title='bbox 1525 4639 1671 4744; x_wconf 15' lang='lat' dir='ltr'>*verum</span> <span class='ocrx_word' id='word_1_347' title='bbox 1690 4646 1842 4760; x_wconf 80' lang='lat' dir='ltr'>lithurgi</span> <span class='ocrx_word' id='word_1_348' title='bbox 1867 4686 1888 4717; x_wconf 71' lang='lat' dir='ltr'>a</span> 
     </span>
    </p>
   </div>
   <div class='ocr_carea' id='block_1_4' title="bbox 0 0 2136 5684">
    <p class='ocr_par' dir='ltr' id='par_1_9' title="bbox 0 0 2136 5684">
     <span class='ocr_line' id='line_1_41' title="bbox 0 0 2136 5684; baseline 0 5"><span class='ocrx_word' id='word_1_349' title='bbox 0 0 2136 5684; x_wconf 95' lang='lat' dir='ltr'> </span> 
     </span>
    </p>
   </div>
  </div>
 </body>
</html>
