4264 5684
232 471 283 554 68
684 432 863 528 Dias-ium
891 418 1073 513 Italicum.

235 591 388 696 jeduras
408 598 508 658 meas
521 567 654 653 ass‘ertae
670 564 834 646 teutonis
856 562 941 634 loco
955 553 1137 640 habeant,
1153 540 1213 649 qui
1227 539 1262 614 in
1274 538 1350 616 bac
1364 533 1538 612 incident.

238 704 296 783 En
316 694 428 770 torius
450 683 593 789 negotii
620 669 895 779 compendium.

293 802 372 910 Qui
389 798 536 899 litigant
549 786 683 864 Gotrhi
703 806 763 858 aut
776 766 1010 882 langobardi
1031 763 1111 839 sunt
1124 825 1134 856 ,
1146 785 1188 835 ut
1207 785 1250 833 ex
1266 750 1477 831 nominibus
1496 751 1541 823 li-

240 936 334 1019 qnet
353 941 362 982 t
383 901 519 1003 judices
538 920 663 973 aurem
682 888 856 965 Romani.
888 872 1064 954 Gudubul
1084 867 1237 972 quidam
1256 866 1372 937 Reate
1392 856 1542 961 degens,

242 1024 289 1098 ab
309 1013 489 1093 actoribus
506 1067 516 1100 ,
532 1017 568 1083 δι
588 993 913 1078 calumniatoribus
939 984 1088 1060 nornine
1103 970 1247 1053 Badiud
1262 1033 1271 1065 ,
1288 963 1464 1045 Sosemurl
1485 966 1539 1036 eui

242 1147 450 1232 cognomen
472 1108 601 1208 faffo,
629 1122 665 1189 δι
687 1096 872 1182 Gundcrit
891 1096 1017 1184 actos,
1046 1099 1082 1165 δέ
1106 1110 1146 1158 ut
1164 1085 1203 1156 in
1227 1076 1372 1151 decreto
1397 1074 1542 1176 legitur,

245 1228 427 1339 repulsatus
446 1221 577 1299 fuerat.
623 1220 719 1293 Inter
744 1211 824 1286 hac
853 1203 952 1279 diem
977 1196 1071 1273 obiit
1095 1187 1306 1276 Gudnbul‚
1338 1176 1544 1280 &reliquit

248 1336 433 1418 Gundiliil
450 1354 600 1404 uxorem
618 1320 789 1414 viduam,
802 1340 887 1387 cum
905 1306 1048 1384 duobus
1069 1298 1190 1375 libetis
1204 1288 1373 1370 leudalit
1389 1299 1424 1363 de
1444 1290 1545 1359 Lun-

247 1444 350 1524 desrt.
385 1445 439 1517 Eo
460 1431 634 1510 defonuo
651 1421 843 1505 memorati
866 1413 1116 1521 symphonice,
1146 1407 1182 1478 in
1207 1398 1454 1501 orphanorum
1479 1390 1546 1463 bo·

247 1581 297 1633 na
309 1551 545 1627 vehementer
564 1536 792 1625 insistebant,
809 1552 850 1602 ut
866 1518 1047 1628 indeftnsts
1065 1514 1256 1615 eriperent.
1281 1505 1381 1579 'suin
1399 1492 1547 1573 Guudi-

249 1662 304 1740 hil
324 1654 419 1733 misit
439 1649 484 1729 ad
508 1650 713 1748 municipes
738 1636 906 1716 Curiales
929 1625 1157 1712 Hotanium,
1179 1612 1381 1691 Antonium
1406 1617 1442 1682 dc
1468 1607 1547 1678 Vo-

250 1766 448 1859 lusianum,
471 1772 507 1837 δι
526 1781 648 1833 totum
663 1746 869 1829 Curialium
888 1733 1080 1822 ordinem,
1101 1729 1199 1800 viros
1219 1720 1282 1821 qui
1303 1714 1346 1787 de
1365 1712 1491 1807 injuria
1506 1710 1549 1780 il-

253 1874 326 1948 lata
344 1890 602 1973 quererentur,
622 1873 837 1940 &tutorem
858 1844 1091 1951 postularent.
1130 1826 1341 1926 Municipes
1363 1833 1400 1897 dc
1418 1815 1549 1893 Curia-

254 1983 307 2056 les
331 1972 522 2078 supradicli
541 1996 583 2044 ex
603 1958 869 2044 concurialibus
887 1948 979 2026 duos
995 1938 1232 2025 Volusianum
1256 1945 1292 2011 oc
1306 1919 1550 2004 Luminosunr

256 2087 303 2164 ad
321 2081 502 2160 Gundibil
519 2077 703 2168 mittunt,
728 2067 793 2172 qui
815 2058 1027 2160 rescriptum
1047 2044 1232 2156 petitionis
1251 2042 1329 2134 qus
1352 2032 1548 2139 postulent.

258 2195 386 2272 Mittit
409 2190 472 2262 illa
496 2212 556 2290 pet
581 2179 804 2259 concuriales
817 2172 1017 2277 petitionem
1032 2158 1189 2263 seriam,
1214 2138 1477 2245 ubi,expos1ta
1496 2160 1553 2210 re-

259 2328 341 2378 rum
362 2293 609 2388 conditione,
639 2286 796 2391 postulat
815 2277 898 2353 siliis
916 2268 984 2344 suis
1012 2263 1086 2343 dari
1114 2263 1153 2336 in
1175 2255 1366 2360 specialem
1390 2268 1551 2320 tutorem

260 2409 475 2484 flavianum
489 2389 828 2502 quemdam,doncc
844 2406 1002 2460 tutorem
1018 2367 1221 2484 generalem
1241 2363 1340 2437 cutia
1358 2353 1528 2433 decernat
1543 2384 1552 2431 ;

261 2510 470 2589 dummodo
489 2508 678 2583 Flavianus
697 2504 729 2576 le
759 2488 1123 2570 itimamcautionem
1145 2470 1291 2548 osterret
1309 2462 1355 2540 de
1366 2458 1477 2563 proba
1497 2451 1556 2530 su-

261 2647 341 2697 tura
364 2614 683 2695 administratione.
726 2526 938 2707 liogaturd
974 2588 1180 2672 Curialiurn
1206 2573 1333 2651 ordine
1365 2567 1554 2642 Flavianus

262 2756 350 2808 num
370 2727 520 2800 tutelam
541 2716 725 2795 admittat.
768 2704 911 2786 Annuit
929 2700 1117 2775 Flavianus
1146 2702 1182 2766 oc
1214 2679 1422 2786 sponsorem
1449 2666 1556 2746 offert

263 2828 553 2932 Liberatutn,qui
567 2825 613 2900 de
627 2808 1070 2899 fururaadniinistratione
1080 2796 1286 2874 cautionem
1299 2779 1557 2889 prabetTum

265 2940 356 3045 jussu
377 2941 581 3019 Curialium
611 2932 856 3006 Reatinorum
886 2916 1050 3019 diploma
1081 2902 1231 2998 editur,
1271 2888 1479 2998 quodcum
1508 2883 1556 2957 ob

267 3052 338 3127 alia
352 3049 488 3139 multa,
505 3068 582 3117 tum
603 3037 653 3114 ob
672 3034 830 3111 formam
847 3049 1011 3101 veterem
1041 3006 1234 3115 juridicam
1254 3000 1427 3105 singulare
1456 2987 1561 3066 vide-

268 3183 341 3233 tut.
381 3156 531 3230 Harere
553 3172 611 3222 rne
631 3138 746 3217 fatcor
776 3139 815 3211 in
833 3129 986 3208 vocibus
1006 3114 1259 3216 euduhulfin‘s,
1277 3120 1312 3186 δι
1331 3096 1560 3178 Gundt'hilin·

254 3262 360 3370 sttis:
385 3287 468 3336 nam
492 3258 629 3331 ultimae
652 3245 792 3351 syllabae
809 3243 917 3342 fitis,
946 3247 980 3311 dt
1011 3226 1165 3328 itt-fitis,
1193 3246 1272 3321 quat
1298 3216 1336 3289 in
1356 3206 1562 3310 diplomate

269 3371 411 3475 semper
440 3364 516 3471 post
550 3355 726 3437 Guduhul
756 3366 793 3430 dc
825 3339 1005 3422 Gundihil
1034 3330 1328 3430 subsequuntur,
1361 3307 1561 3392 transversa

271 3480 419 3583 superne
439 3477 534 3547 linea
552 3489 740 3545 notantur.
756 3462 864 3547 Juvat
883 3446 1027 3527 credere
1046 3440 1194 3517 nomina
1210 3426 1389 3507 Guduhul
1406 3433 1441 3498 δέ
1457 3421 1564 3493 Gun-

271 3585 367 3661 dilril
384 3576 451 3658 esse
469 3581 665 3681 conjugum
685 3570 828 3675 propria
845 3598 853 3645 ς
873 3556 962 3634 illud
982 3576 1106 3627 autent
1133 3538 1426 3620 additamentum
1443 3589 1452 3619 ,
1463 3527 1562 3628 fiais,

275 3707 313 3771 δι
334 3685 488 3789 inficis,
511 3679 685 3788 quorsum
719 3674 852 3778 speder
885 3659 1056 3768 expiscari
1082 3683 1155 3731 non
1183 3645 1325 3755 potui,
1351 3660 1471 3736 neque
1502 3655 1564 3734 per

276 3823 418 3900 tempus
438 3795 544 3867 licuit
563 3817 639 3865 rem
658 3772 861 3862 acturat'uls
880 3773 1078 3875 explorare.

330 3904 520 4009 Singulare
536 3899 585 3973 esl
603 3919 737 3970 annum
751 3883 886 3963 Christi
907 3881 943 3955 in
961 3876 1085 3951 charta
1105 3866 1270 3976 primitus
1288 3876 1460 3934 notatum
1478 3842 1567 3921 suis·

277 4013 332 4096 sc;
347 4012 546 4111 infrequens
563 4003 663 4080 enirn
679 3997 728 4073 est
745 3997 811 4071 isto
831 4017 906 4067 aevo
926 4007 1063 4063 annum
1082 3974 1215 4055 Christi
1239 3959 1437 4069 consignati
1457 3958 1493 4030 in
1512 3948 1569 4023 di-

278 4118 514 4229 plomatibus.
556 4119 733 4189 Attamen
751 4104 824 4178 hoe
843 4114 1125 4173 monumentum
1152 4082 1273 4160 saculi
1293 4068 1409 4158 otlavi
1425 4063 1496 4154 est,
1515 4055 1569 4130 uti

279 4230 525 4319 dixirnus‚aut
545 4245 585 4293 ut
603 4211 747 4308 mimis,
767 4204 869 4313 quod
883 4197 974 4308 agre
995 4223 1117 4275 tamen
1134 4171 1476 4270 crediderinr,noni.
1511 4169 1570 4239 An

282 4339 357 4414 visa
379 4332 529 4434 usquam
548 4352 623 4401 tam
645 4345 794 4399 remota
810 4310 1000 4391 vetustatis
1020 4302 1222 4406 diplomata
1243 4314 1338 4364 anno
1359 4275 1491 4357 Christi
1514 4272 1570 4344 in-

283 4447 407 4553 signita
428 4461 438 4517 Ξ
463 4444 584 4514 Unum
603 4433 792 4522 novimus,
815 4419 962 4496 duobus
982 4437 1063 4487 ante

284 4581 358 4659 guo
392 4548 642 4623 concinnatam
673 4530 891 4613 methodum
922 4519 1140 4601 Christianae
1162 4497 1373 4614 epocha‚*a

283 4662 371 4738 culo
388 4658 517 4735 odlavo
534 4652 743 4758 usurpatam
760 4634 877 4727 fuisse.
