4060 5700
210 377 235 455 8
674 357 855 454 Diarr‘um
880 353 1062 453 Italicum.

210 505 277 607 sig
287 490 404 587 -l-‘xm
434 491 572 580 Geraldi
609 491 728 572 Porcii
759 500 1004 572 Vite-comitis
1032 490 1286 595 Gerundensis‚
1320 496 1386 607 sig
1402 509 1445 584 -l-
1458 523 1518 577 arn

208 607 374 686 retrardi
395 605 588 714 Berengarii
607 599 649 676 de
668 615 767 679 Petra
787 603 944 706 Pertusa,
965 606 1150 709 Siga-um
1164 607 1331 680 Dalmuii
1356 614 1513 684 Viae-co-

211 717 311 791 mitis
330 711 370 789 de
394 711 577 823 Bergae&
612 714 680 814 sig
696 724 741 798 4-
764 737 817 785 xm
844 707 1066 809 Gausserandi
1097 708 1137 785 de
1167 714 1276 787 Salar.
1308 720 1437 821 Sig-l-
1456 743 1516 790 um

207 813 421 902 raimbaldi
429 822 469 899 de
480 815 617 919 Beffolrn
628 819 768 892 Peneius
779 816 963 896 Monachus
960 815 1099 925 stripstt
1108 816 1320 902 dindrant
1331 848 1395 923 quo
1404 820 1505 927 fhpr.

265 929 309 1004 ln
327 922 544 1032 Appendice
569 919 617 999 ad
637 923 808 999 Marcam
829 922 1070 1027 Hispanicam
1090 949 1125 1025 p.
1150 952 1231 1024 ¹33¹·
1254 924 1414 1002 adfertur
1433 930 1516 1004 Bul·

209 1036 244 1113 la
260 1030 458 1112 Alexandri
482 1032 571 1112 111.
590 1025 760 1107 adversus
780 1028 969 1107 Abbatem
993 1028 1316 1136 Canigonenlem,
1349 1030 1516 1112 debitam

212 1134 834 1243 AbbatiCralsensr-obsequentiam
853 1137 1109 1248 denegantem,
1121 1164 1203 1241 qua·
1222 1140 1293 1217 hoc
1312 1140 1515 1246 diplomate

212 1249 414 1326 illustratur.
656 1247 658 1250 ⁴

261 1356 364 1432 Hinc
384 1351 433 1433 ad
443 1353 555 1433 Vardi
575 1376 726 1460 pontem
746 1350 1016 1430 famosnsunum
1035 1354 1102 1430 iter
1123 1352 1330 1431 habemuse
1353 1353 1391 1430 in
1412 1358 1516 1455 cujus

207 1462 346 1539 vicinia
373 1461 420 1539 ad
443 1463 554 1540 limen
582 1457 794 1565 pandochei
815 1460 1028 1568 sequentem
1052 1458 1330 1570 inscriptionem
1352 1464 1518 1544 maxima

209 1566 262 1646 mi
278 1593 382 1676 parte
399 1569 570 1649 mutilam
584 1570 758 1647 eruimus.

367 1738 724 1809 .·..·l.lGGOR.

367 1892 460 1918 .....
481 1849 778 1927 AMMONIS.

421 2010 432 2029 .
446 2015 456 2033 .
475 1965 504 2031 Α
516 1967 539 2032 Ρ
549 1967 584 2034 0
597 1969 621 2034 l.
633 1969 658 2033 L
671 1970 697 2031 l.
712 1966 752 2032 V.
773 1965 805 2032 S.
823 1965 860 2033 L.
882 1908 937 2032 Mi
948 1967 969 2031 i.
991 1963 1027 2027 V
1023 1976 1105 2027 otum
1115 1961 1215 2049 [olvit
1231 1956 1336 2028 lubens
1349 1963 1463 2033 merite.

263 2103 327 2183 De
343 2100 457 2184 Vardi
479 2128 592 2209 ponte
608 2101 768 2181 *amultis
784 2106 858 2204 jam
875 2129 998 2208 neque
1011 2101 1165 2211 segniter
1178 2104 1296 2180 auum
1316 2106 1366 2182 est
1376 2143 1386 2191 ς
1406 2106 1513 2211 igno·

208 2235 338 2315 ratque
355 2237 466 2288 nemo
486 2209 599 2291 Vardi
611 2213 729 2288 amnis
748 2212 842 2316 ripas
858 2212 1085 2316 inpraecipiti
1106 2208 1234 2313 positas
1247 2237 1361 2314 ponte
1382 2212 1440 2288 sex
1458 2238 1514 2285 ar-

209 2317 323 2393 cubus
341 2317 544 2397 construens
564 2320 665 2424 jungi
686 2378 697 2412 ‚
720 2320 888 2424 erigique
906 2314 1041 2394 exinde
1059 2320 1230 2393 undecim
1251 2345 1352 2395 arcus
1373 2319 1512 2418 majore

209 2420 435 2503 sublimitate
452 2426 518 2528 qui
541 2422 673 2529 partim
689 2427 731 2502 in
747 2425 828 2531 ipsis
850 2452 996 2501 arcrmm
1014 2422 1228 2500 inferiorum
1245 2426 1358 2528 pilis,
1380 2426 1512 2528 partim

209 2533 249 2608 in
270 2534 399 2609 acclivi
410 2534 567 2636 riparum
586 2525 806 2618 fundanturr
822 2535 1032 2637 atquehuic
1048 2528 1206 2607 secundo
1224 2529 1347 2607 ordini
1370 2530 1513 2635 imponi

209 2639 359 2715 tertium
393 2664 546 2715 arcuum
571 2640 759 2717 minorum
786 2666 937 2717 numero
968 2641 1115 2746 triginta
1134 2640 1301 2741 quinque
1321 2639 1384 2741 qui
1405 2637 1514 2713 verti-

209 2772 290 2821 cem
311 2742 496 2848 utriusque
514 2747 652 2824 montis
680 2772 801 2851 aequat
822 2758 860 2826 δι
879 2745 1133 2849 aquaeduslum
1159 2745 1269 2822 habet
1293 2744 1511 2847 impositum.

209 2851 308 2928 lnter
332 2879 436 2929 arcus
456 2852 605 2932 secundi
623 2851 761 2932 ordinis
785 2855 824 2932 in
845 2850 992 2930 sublimi
1017 2851 1338 2929 animadvertimus
1359 2853 1514 2927 animal·

207 2960 281 3033 culi
306 2959 459 3066 figuram
477 2960 653 3067 sculptam
673 2957 793 3038 formal
813 2988 880 3037 ceu
901 2962 1047 3065 leporis.
1072 2961 1222 3065 Alicubi
1248 2956 1436 3060 insculpta:
1456 2959 1514 3035 vi·

210 3066 337 3144 suntur
350 3091 421 3143 tres
435 3070 581 3165 littera,
597 3073 643 3145 A.
655 3072 697 3145 E.
708 3072 753 3143 Α.
772 3094 860 3171 quas
874 3070 931 3143 alii
946 3067 1118 3173 Augustus
1134 3067 1333 3175 &Agrippa
1349 3067 1510 3168 explica-

210 3197 267 3248 tas
295 3175 452 3268 volunt,
477 3187 513 3255 δι
533 3200 698 3281 pugnant
719 3169 821 3251 fuiffe
842 3176 963 3278 pontis
988 3177 1147 3251 astriotes
1167 3211 1176 3259 ς
1199 3175 1259 3247 alii
1272 3188 1377 3275 Aqua
1396 3165 1510 3271 emrffi

211 3277 468 3387 Amphitheatro
485 3338 497 3368 ‚
513 3284 575 3358 alii
594 3308 729 3358 nomen
748 3281 895 3357 artificis
915 3279 1098 3386 designare
1112 3303 1344 3387 augurantur.
1364 3276 1434 3353 Sed
1455 3280 1511 3354 ltae

210 3386 424 3485 conjeelurae
448 3387 558 3485 sunt,
579 3415 733 3491 quarum
750 3391 888 3464 nullam
910 3414 1082 3491 coarguas
1100 3448 1110 3480 ,
1125 3390 1219 3461 nulli
1237 3382 1462 3491 adstipulere.

254 3491 529 3596 Aquas-sextias
547 3492 682 3571 exinde
704 3497 884 3600 petimus,
912 3507 949 3573 δι
970 3500 1012 3571 V.
1034 3495 1093 3570 Cl.
1123 3494 1238 3597 Pagio
1257 3503 1311 3589 apl
1323 3494 1511 3601 remeius

210 3595 353 3676 dudum
370 3601 477 3677 nobis
497 3598 665 3679 familiari
688 3601 895 3708 supremum
916 3604 997 3677 vale
1020 3597 1190 3675 dicimus.
1216 3602 1248 3674 Is
1268 3601 1423 3676 historia
1441 3603 1510 3678 Ba·

209 3708 304 3782 ronii
323 3707 457 3785 criticae
478 3707 578 3785 haud
598 3711 647 3788 ita
665 3710 804 3814 pridem
823 3734 1023 3787 extremam
1044 3734 1191 3784 manum
1208 3706 1394 3812 posuerat,
1420 3734 1509 3785 con·

209 3813 352 3918 statque
371 3837 493 3892 totum
508 3843 600 3921 opus
622 3841 780 3919 quatuor
797 3819 907 3896 tomis
925 3818 963 3892 in
984 3813 1098 3912 folio,
1114 3842 1269 3919 quorum
1281 3840 1376 3891 unus
1399 3814 1506 3893 dum-

209 3943 315 3997 taxat
329 3919 466 4024 publici
485 3926 569 4027 juris
587 3923 650 3999 est.
670 3921 774 4001 Idem
798 3952 873 4001 non
894 3921 955 3999 diu
976 3922 1052 4027 post
1070 3920 1169 3997 diem
1193 3921 1302 3997 obiit.

248 4027 707 4133 Maffiliaealiquotdiebus
725 4028 975 4135 exspeslamus
990 4031 1305 4134 opportunitatem
1326 4023 1506 4125 solvendi,

205 4132 424 4236 visimusque
453 4139 664 4217 coenobium
686 4138 723 4215 S.
750 4141 936 4231 Vistoris,
965 4141 1072 4239 cujus
1090 4136 1246 4215 Ecclefia
1267 4134 1508 4214 remotissima

206 4240 437 4343 antiquitatis
452 4239 609 4349 speciem
624 4242 782 4349 praefert,
800 4244 1002 4349 spiffilsnnis
1021 4245 1203 4321 columnis
1221 4241 1324 4322 fulta.
1347 4246 1390 4320 ln
1416 4244 1508 4317 alta·

207 4346 237 4422 ti
254 4347 416 4449 quodam
434 4352 631 4427 monstrant
650 4378 760 4457 caput
773 4353 930 4431 Caffrani
942 4414 952 4449 ,
964 4377 1072 4455 quern
1087 4355 1124 4428 in
1146 4353 1275 4429 album
1294 4351 1508 4427 Samiorum

207 4448 366 4534 referunt
392 4457 642 4535 Mallrlienses.
661 4458 696 4535 ls
715 4461 766 4537 est
786 4459 1041 4538 celeberrimus
1067 4459 1340 4539 Institutionum
1359 4471 1396 4537 bc
1415 4459 1506 4533 Col-

214 4562 398 4643 lationum
413 4566 535 4647 sudor
547 4566 611 4673 qui
626 4563 738 4646 fertur
750 4561 1217 4654 Abbass.1viu0nsfuiue.
1233 4569 1275 4649 lu
1286 4567 1364 4647 alio
1375 4562 1506 4642 sacello

1396 4694 1506 4779 caput
