4352 5690
952 358 1084 473 caput
1099 341 1333 476 vigefimum
1353 342 1528 441 tertium.
1830 395 1909 481 349

593 474 731 575 nonii,
751 472 854 581 cujus
870 468 1106 584 epitaphium
1118 469 1283 586 superius
1298 472 1507 555 adtulimus
1524 472 1666 586 legitur
1676 511 1685 557 ε
1695 484 1845 594 Senenfir
1860 502 1907 565 ci-

591 596 693 664 vitas
714 596 725 687 (
740 583 789 664 fic
808 582 955 664 ibidem
972 596 983 682 )
1000 591 1071 689 post
1086 586 1274 697 elargitam
1274 588 1346 695 fibi
1355 586 1378 664 ὰ
1390 586 1516 668 Carolo
1525 648 1538 681 ,
1554 599 1619 694 qui
1631 618 1775 699 anagnias
1792 596 1906 678 dirim

589 699 655 798 ast,
669 693 848 799 publicam
872 694 1070 774 libertatem
1079 756 1096 792 ‚,
1108 725 1197 776 artato
1214 695 1339 801 sirium
1356 703 1385 780 8
1388 731 1438 778 02.
1445 695 1515 807 fibi
1531 709 1644 802 primo
1660 703 1905 807 rempublicam

589 804 778 884 ordinavit.
805 807 1007 885 Petronius
1019 799 1236 886 Cardinalis
1252 804 1457 889 Clemente
1474 813 1522 888 V.
1543 808 1732 892 Pontifice
1751 812 1905 899 floruit:

588 908 786 1025 ipsumque
804 916 980 998 codicem
997 911 1171 1028 scripsisse
1189 916 1380 1021 creditur,
1395 942 1461 998 aut
1470 913 1603 998 saltem
1620 921 1699 1028 ejus
1714 950 1798 1005 aevo
1809 956 1902 1009 con.

589 1029 763 1105 cinnatus
777 1024 882 1106 baud
900 1026 1015 1107 dubie
1033 1026 1119 1109 fuit.

641 1136 848 1218 Ecclesiam
860 1137 1153 1241 Carbedralem,
1168 1163 1376 1250 antequam
1388 1169 1410 1220 a
1420 1134 1681 1223 fundamentis
1693 1146 1821 1228 denuo
1835 1176 1900 1231 ex.

586 1251 728 1351 citata,
749 1276 794 1328 ac
814 1254 855 1329 B.
875 1253 1043 1362 Virginis
1052 1255 1209 1332 nomine
1221 1252 1396 1364 insignita
1414 1248 1557 1355 fuillct,
1573 1258 1605 1335 S.
1624 1254 1811 1337 bonifacii
1830 1290 1900 1340 no.

586 1362 690 1439 inme
716 1358 937 1441 dedicatam
963 1357 1067 1443 tuille
1095 1387 1273 1442 narratur
1302 1368 1342 1441 in
1365 1359 1623 1476 manucrispto
1641 1367 1800 1477 jamjam
1817 1399 1898 1452 mc..

584 1496 751 1552 morato
786 1474 996 1573 Bannizcius
1021 1487 1074 1556 V.
1097 1476 1270 1576 Pontifex
1291 1483 1303 1575 (
1324 1473 1374 1553 sic
1395 1472 1477 1572 ibi)
1512 1483 1707 1582 crmtusest
1731 1511 1742 1552 .·
1762 1497 1898 1561 aritiam

583 1583 735 1693 Senenfis
753 1621 764 1661 .·
780 1595 945 1662 incermm
962 1588 1006 1687 cst
1024 1614 1098 1692 qua
1107 1583 1263 1686 familia
1281 1585 1463 1681 oriundus,
1481 1617 1557 1664 cum
1582 1584 1702 1666 diebos
1731 1624 1751 1669 2
1752 1623 1793 1698 f..
1821 1615 1899 1670 tan-

583 1698 659 1772 nim
677 1706 714 1773 in
728 1693 935 1799 pontificatu
949 1708 1107 1777 vixerim
1127 1726 1185 1775 aec
1202 1725 1355 1775 coronam
1363 1694 1554 1810 susceperit.
1595 1695 1752 1809 Senenstn
1769 1700 1810 1778 ob
1826 1709 1900 1805 ejus

582 1815 728 1882 nominis
746 1819 950 1883 memoriam
967 1804 1200 1893 cathedralem
1224 1806 1423 1917 Bafiltcam
1441 1808 1526 1886 divo
1543 1806 1735 1909 Bonifacio
1762 1811 1899 1890 dedica-

581 1937 668 1991 runt.
696 1918 949 1998 Recentiores
967 1941 1098 1996 tamen
1116 1945 1164 1998 ex
1179 1917 1397 1999 Roffiorum
1414 1941 1555 2030 gente,
1573 1915 1815 2001 Bonifatium
1840 1928 1888 2005 V.

580 2020 686 2105 fuille
706 2027 876 2107 tradunt.

635 2131 919 2218 Nosocomium
941 2135 1101 2220 Senense
1123 2140 1309 2251 Reliquiis
1327 2145 1550 2221 Sanctorum
1570 2138 1673 2221 bene
1686 2141 1814 2222 multis
1834 2173 1903 2223 no.

580 2242 772 2349 bilitatur,
791 2277 873 2358 quae
893 2253 932 2328 in
953 2247 1062 2361 capsa
1076 2249 1266 2331 locantur.
1309 2251 1370 2333 Est
1390 2250 1533 2331 ibidem
1551 2252 1677 2331 codex
1696 2255 1729 2331 S.
1742 2255 1901 2363 Joannis

581 2354 847 2469 Chrysostonii
856 2427 867 2461 ‚
876 2388 991 2471 quem
1005 2361 1163 2441 tradunt
1173 2358 1343 2471 ejusdem
1350 2355 1462 2441 sancti
1470 2390 1586 2441 manu
1596 2356 1775 2472 scriptum
1783 2361 1898 2445 liiille:

579 2469 926 2581 complectiturque
938 2477 1262 2552 commentarium
1276 2476 1318 2550 in·
1333 2476 1496 2553 Novum
1507 2471 1811 2554 Testamentum.
1844 2478 1899 2554 At

578 2575 671 2660 licet
686 2579 742 2661 bis
752 2583 933 2666 Senliter
943 2588 1111 2694 egerim,
1130 2613 1212 2663 non
1230 2580 1338 2662 licuit
1358 2581 1536 2663 codicem
1554 2578 1735 2694 inspicere
1746 2581 1832 2692 ejus
1851 2614 1898 2668 ue

578 2689 783 2802 explorare
800 2692 1040 2774 vetustatem.
1073 2692 1208 2775 Similis
1228 2692 1353 2773 codex
1367 2615 1901 2806 Cbrylostomiautograplius

578 2797 703 2882 fertur
719 2831 850 2885 extare
869 2809 908 2883 in
930 2803 1168 2884 bibliotheca
1188 2803 1448 2885 Scorialenfis:
1468 2806 1572 2911 cujus
1582 2801 1723 2884 scilicet
1733 2810 1903 2917 antiqui-

579 2917 667 2991 tatis
683 2920 828 2995 nemini
844 2915 959 2995 docio
980 2915 1193 3026 periculum
1209 2913 1337 2995 facere
1350 2910 1564 2994 concellum
1584 2915 1650 2995 est.
1676 2917 1794 2995 Anno
1808 2946 1913 3028 pro„

578 3028 684 3102 ximo
700 3021 895 3136 episcopus
912 3026 1071 3135 quidam
1092 3026 1251 3106 Graecus
1269 3024 1512 3135 autographa
1527 3024 1606 3104 duo
1618 3024 1899 3133 Chrysostomi,

577 3158 621 3213 ut
632 3137 789 3245 quidem
804 3135 878 3247 ipse
889 3135 1175 3237 testificabatur,
1188 3137 1491 3218 LUDOVICO
1513 3138 1729 3217 MAGNO
1746 3135 1899 3240 obtulit,

578 3274 663 3354 que
685 3275 720 3326 x.
741 3243 875 3326 leculo
904 3274 1061 3328 exarata
1086 3245 1191 3330 foille
1212 3278 1302 3327 coni
1331 3272 1456 3329 crtum
1482 3246 1547 3328 est.
1594 3247 1704 3328 Idem
1739 3246 1899 3329 Senenle

532 3355 534 3359 ’
578 3350 858 3459 nosocomium,
871 3357 1082 3437 Arcliivum
1096 3358 1216 3440 habet
1232 3276 1505 3469 diplomatibus
1517 3357 1615 3437 bene
1629 3357 1759 3438 multis
1770 3358 1903 3438 instm.

578 3470 691 3547 stum.
713 3467 833 3549 Adest
851 3468 906 3547 ibi
923 3467 1219 3550 instrumentum
1232 3469 1420 3550 Ludovici
1432 3473 1489 3549 Pii
1501 3473 1795 3579 imperatoriam
1806 3474 1897 3550 Mo.

579 3577 730 3659 nasterii
753 3583 785 3659 S.
807 3579 985 3659 Anthimi
1013 3586 1178 3692 gratiam
1204 3579 1362 3681 datum,
1386 3578 1492 3659 &ab
1511 3578 1683 3690 Ugbello
1710 3575 1837 3658 cusum
1859 3585 1898 3660 in

577 3689 688 3768 Italia
706 3685 821 3769 sacra.
852 3690 1032 3772 Alterum
1047 3691 1220 3802 diploma
1239 3689 1288 3769 ab
1308 3688 1449 3769 eodem
1471 3694 1711 3800 Imperatore
1730 3690 1899 3770 Audoal-

577 3799 631 3878 do
661 3799 807 3881 Abbati
834 3800 1077 3902 concellum,
1106 3832 1183 3912 quo
1204 3796 1398 3880 saeculares
1420 3799 1565 3911 judices
1593 3827 1615 3879 a
1643 3797 1898 3907 jurisdiclione

574 3915 614 3989 in
642 3911 921 3993 Monasterium
941 3918 973 3993 S.
995 3913 1200 3994 Salvatoris
1219 3909 1411 4022 prohibet.
1435 3908 1553 3988 Aliud
1573 3915 1667 3990 item
1684 3909 1911 3996 Clementis,

575 4024 644 4101 Ill.
663 4020 915 4124 observatur,
938 4023 1123 4106 Rolando
1144 4028 1177 4104 S.
1202 4021 1412 4102 Salvatoria
1427 4018 1573 4100 Abbati
1595 4015 1811 4100 concellum
1828 4049 1895 4100 an.

572 4161 625 4210 no
646 4139 746 4236 1187.
775 4132 840 4212 ubi
865 4134 994 4215 eidem
1024 4137 1261 4246 permittitur
1282 4137 1435 4232 mitrae,
1466 4129 1600 4211 annuli
1626 4129 1827 4318 pastoralis
1856 4140 1895 4212 ὅ(

572 4240 831 4324 sandaliorum
844 4239 946 4348 ulus3
963 4245 1206 4326 interdicitur
1218 4268 1348 4323 tamen
1358 4241 1486 4322 eidem
1499 4239 1623 4321 sacric
1637 4237 1811 4319 arilinatis
1823 4270 1891 4319 un.

572 4357 670 4455 ctio,
691 4354 766 4434 olei
786 4352 882 4434 sacri
897 4354 1134 4458 benedictio,
1154 4355 1283 4434 altaris
1295 4351 1539 4463 ecclcbaeque
1557 4349 1813 4451 consecrati0‚
1827 4379 1889 4428 or.

572 4462 720 4543 dinatio
741 4466 1056 4569 Monachornm3
1077 4494 1169 4545 nam
1192 4464 1321 4544 isthac
1341 4468 1473 4543 omnia
1491 4456 1675 4573 Episcopo
1696 4456 1886 4539 reservari.

574 4598 637 4653 tur
659 4597 791 4655 :vetat
818 4576 964 4657 ibidem
991 4575 1155 4656 summus
1185 4574 1392 4675 Pontifex,
1415 4602 1464 4654 ne
1491 4571 1671 4651 ordinum
1694 4565 1889 4650 sacrorum

572 4678 682 4765 causa
698 4683 861 4768 adeatur
879 4684 1074 4800 episcopus
1093 4692 1214 4799 quivis
1230 4687 1444 4767 haereticus.
1632 4793 1672 4874 X

1683 4816 1710 4867 x
1735 4815 1772 4893 ιι]
