4264 5684
409 500 483 555 tos
863 452 1043 543 Dies-iem
1069 439 1251 535 Italicum,

409 598 510 680 Jotto
528 586 751 681 florentino,
770 585 927 690 pilloriae
948 588 1030 658 artis
1051 585 1088 654 in
1101 582 1207 655 ltalia
1226 572 1469 670 restauratore,
1490 568 1628 674 depilla
1645 571 1694 646 sit.

414 702 502 776 Erat
521 693 918 780 autemJottusDantis
934 687 1113 794 Aliglacrii
1135 697 1253 790 polita
1268 680 1464 758 familiaris.
1489 681 1530 753 ln
1541 675 1702 782 sepulcro

410 800 578 916 quodam
595 806 727 907 legitur
745 825 858 878 annus
872 793 1093 875 fundationis
1116 820 1197 869 curat
1219 791 1409 895 epitaphio
1429 782 1657 887 hujusmodi,

571 957 737 1057 Hiefites
754 955 801 1055 est
817 968 931 1031 Petrus
945 976 1082 1060 perraras
1104 949 1296 1054 cognomine
1313 949 1426 1022 dieses

571 1072 637 1141 Cui
658 1066 758 1139 dedit
774 1061 861 1137 hanc
879 1064 990 1137 aulam
1009 1063 1200 1133 meritorum
1222 1053 1354 1129 rendere
1372 1069 1398 1128 C
1401 1051 1534 1155 lrrr'strrr.

573 1188 676 1253 Anne
696 1173 833 1245 millene
855 1191 987 1243 centeno
1006 1164 1117 1239 delire
1126 1163 1264 1263 solvit,

573 1294 618 1357 In
635 1278 826 1383 decimoque
842 1302 927 1350 nona
944 1271 1123 1376 deferslres
1146 1294 1271 1375 corpere
1288 1268 1422 1344 dormit.

683 1398 822 1492 Qartr
842 1385 1010 1457 Kalendas
1025 1380 1169 1486 Aprilis.

567 1554 658 1645 Jetrr
682 1543 890 1616 florentinus
912 1535 1055 1636 restituit
1073 1531 1253 1638 pillarirm
1277 1547 1382 1604 artem

575 1654 744 1758 Depirexit
764 1643 849 1720 lanc
870 1647 960 1720 eccle
974 1668 1053 1715 rem.

471 1813 656 1891 Postrema
670 1842 751 1916 qua
761 1821 902 1905 Jottum
917 1806 1075 1911 spellam
1087 1808 1288 1882 recentiora
1302 1799 1397 1876 sunt.
1416 1799 1509 1875 Haec
1524 1798 1615 1874 olim
1627 1801 1707 1874 loca

416 1921 510 2000 mari
529 1926 774 2013 contermina,
787 1936 824 1998 δι
838 1924 1016 1992 Ravennae
1028 1940 1156 2017 portus
1174 1912 1322 1987 celebris
1336 1905 1418 2002 fuit,
1429 1907 1493 1981 ubi
1512 1906 1613 1980 statio
1626 1932 1708 2008 per-

417 2054 529 2135 petua
542 2031 688 2105 navium
705 2030 741 2102 in
753 2022 952 2130 praesidium
964 2025 1072 2096 maris
1086 2019 1200 2123 superi
1215 2018 1282 2093 sive
1296 2013 1503 2092 Hadriatici
1515 2049 1524 2097 ;
1538 2010 1628 2086 dum
1640 2011 1709 2086 alia

418 2141 508 2213 item
528 2135 639 2213 claffis
661 2138 696 2209 in
713 2131 887 2207 Misenaeo
908 2153 1014 2233 portu
1035 2129 1197 2232 proxime
1211 2122 1408 2225 Neapolim
1425 2121 1529 2194 staret
1549 2116 1596 2192 ad
1612 2141 1710 2193 tute-

418 2245 493 2318 lam
508 2244 613 2317 maris
627 2237 729 2316 inseri
747 2237 1014 2341 srveTyrrlteni.
1034 2230 1242 2312 Claudiano
1261 2229 1369 2321 reste,
1387 2227 1547 2304 Honorii
1559 2225 1709 2324 Augusti

419 2379 500 2427 aevo
515 2373 638 2453 portus
662 2352 842 2423 Ravenna:
861 2346 1003 2433 adhuc,
1024 2366 1187 2415 tumente
1207 2340 1313 2411 maris
1330 2334 1433 2425 aeliu,
1453 2325 1713 2435 frequentaba-

421 2483 502 2551 tur,
519 2454 612 2535 &ad
633 2455 762 2531 urbem
784 2452 918 2553 appelli
938 2468 1097 2549 poterat,
1116 2463 1157 2514 ur
1175 2448 1360 2543 eleganter
1379 2444 1458 2508 illc:

678 2579 825 2665 samque
842 2584 896 2632 ere
915 2554 1004 2631 eada·
1016 2548 1191 2655 portusque
1212 2547 1376 2647 relinquit

583 2673 796 2750 flumineas,
811 2670 907 2742 certis
924 2656 981 2733 reler'
1000 2658 1127 2761 legiler
1142 2654 1274 2727 advena
1295 2665 1427 2726 Nereus

583 2780 732 2875 AEsletrss
746 2773 787 2857 (J
799 2797 921 2879 praees
934 2787 1059 2874 puppes
1078 2787 1166 2837 neree
1182 2783 1280 2832 amne
1288 2754 1456 2857 serrendo,

580 2899 620 2959 N
622 2911 685 2956 rene
699 2882 849 2955 redeunte
866 2874 986 2964 vehit,
1001 2870 1188 2973 nudataque
1206 2866 1317 2937 littore
1329 2858 1443 2961 flullrr

583 2988 735 3091 Deserit,
757 2989 877 3060 Oceani
896 2978 1072 3054 lunaribus
1091 2975 1207 3048 emula
1223 2970 1365 3047 dareris.

427 3200 432 3204 ·
479 3155 610 3260 Elapso
637 3152 772 3227 dehine
799 3148 945 3240 laculo,
970 3137 1062 3220 Padi
1084 3139 1210 3216 illuvie
1230 3162 1378 3240 portum
1405 3135 1440 3209 in
1459 3128 1715 3207 amoenillimos

427 3268 552 3341 hortos
573 3283 847 3337 commutatum
876 3251 1081 3329 testificatur
1099 3244 1308 3336 Jornandes.
1349 3248 1395 3317 Et
1415 3239 1612 3341 Procopius
1638 3240 1715 3328 ejus

428 3372 557 3477 suppar
577 3371 642 3460 ait,
655 3393 731 3443 avo
750 3362 814 3436 suo
831 3388 930 3435 marc
949 3356 1092 3430 duobus
1119 3357 1189 3453 jam
1210 3350 1328 3425 stadiis
1342 3350 1518 3421 Ravenna
1535 3337 1716 3432 recessisse,

427 3491 465 3557 δέ
493 3481 512 3555 ὲ
541 3477 690 3583 triginta
715 3467 835 3547 stadiis
861 3465 1029 3541 brevium
1053 3456 1255 3560 frequentis
1283 3456 1392 3531 arceri
1419 3477 1526 3527 naves
1556 3444 1715 3551 appulsu.

428 3584 505 3659 Sub
523 3584 599 3659 hae
623 3578 798 3683 paulatim
818 3574 1045 3677 prominente
1069 3566 1169 3658 solo,
1191 3587 1269 3638 tota
1288 3562 1351 3633 illa
1373 3561 1523 3662 triginta
1543 3553 1655 3631 stadia
1681 3552 1719 3623 in

429 3717 591 3793 campos,
603 3691 739 3776 vineas,
752 3685 945 3785 piucraque
957 3676 1055 3752 versa
1070 3671 1162 3746 lunt.
1185 3665 1456 3743 Reccdcntibus
1469 3666 1570 3762 aquis
1585 3657 1728 3732 recellit-

430 3801 598 3903 antiquus
627 3793 733 3869 Urbis
764 3787 962 3890 splendor:
988 3805 1210 3884 quamquam
1238 3804 1310 3848 non
1338 3800 1407 3846 una
1431 3772 1552 3844 isthac
1579 3768 1721 3862 jaslura·

432 3903 555 3987 cat1s23
568 3925 684 3977 return
702 3894 800 3971 enim
820 3896 1026 3969 Italicarum
1045 3914 1184 3981 tumor,
1198 3879 1452 3980 ferventesque
1473 3874 1642 3978 proximis
1661 3867 1722 3943 sa*-

432 4014 520 4087 culis
538 4013 576 4085 in
593 4008 696 4082 ltalia
718 4000 912 4094 sastiones,
936 3995 1113 4100 plerisque
1132 3990 1285 4065 urbibus
1306 3988 1504 4092 pernicicm
1529 3980 1696 4053 intulere.

487 4117 583 4219 Septi
591 4117 649 4188 ml
662 4110 881 4211 Septembris
894 4109 1069 4179 Ravenna
1083 4098 1284 4189 deceditur,
1298 4109 1334 4172 δε
1348 4088 1517 4196 postridie
1528 4093 1721 4161 Anconam

434 4218 741 4310 diverriiaius,ubi
762 4213 1014 4288 musarumviti
1035 4209 1117 4281 clar.
1140 4205 1288 4279 Camilli
1303 4195 1573 4301 Pigltiivilimus
1590 4185 1724 4265 numis-

435 4329 598 4407 matibus
610 4322 778 4423 antiquis,
789 4318 937 4419 aliisque
954 4314 992 4391 id
1004 4339 1117 4422 genus
1135 4309 1289 4383 cimeliis
1303 4306 1507 4380 inllrullum
1521 4292 1647 4402 probe.
1662 4297 1724 4368 ln-

437 4437 599 4540 sequenti
622 4438 812 4507 [auretam
831 4429 973 4497 venitur
995 4457 1002 4496 ε
1026 4422 1073 4494 ibi
1097 4416 1178 4489 fissis
1202 4412 1247 4487 ad
1269 4417 1308 4486 B.
1324 4418 1356 4487 V
1362 4413 1517 4513 irgincm
1540 4406 1720 4506 precibus,

439 4542 699 4644 conspesraqut
723 4562 788 4611 nec
814 4533 883 4605 fine
903 4533 1043 4633 stupore
1061 4523 1222 4603 Ecclesia
1251 4519 1471 4621 supellcdile
1504 4538 1616 4609 atque
1644 4512 1725 4583 thc-

439 4653 562 4744 saum,
578 4648 757 4751 pergimus
779 4643 952 4715 Romam.
989 4636 1030 4710 In
1052 4626 1263 4723 transcursu,
1280 4628 1407 4705 Velini
1426 4623 1627 4698 catarallen
1644 4642 1728 4726 pro-
