4352 5690
415 447 491 539 350
881 410 1075 506 Diariuui
1097 406 1297 502 Italicum.

472 547 579 625 Senae
598 566 701 622 anno
714 537 857 626 Christi
878 570 966 645 1321.
978 538 1194 619 litterarum
1210 535 1335 615 studia
1354 532 1516 615 advena
1530 527 1617 614 sunt
1634 571 1643 617 ι
1659 564 1750 620 evo-

418 658 511 736 catis
531 682 577 735 ea
596 654 645 734 de
666 648 777 733 causa
797 657 974 735 Bononia
991 646 1211 731 dottonbus
1224 694 1234 751 5
1247 649 1312 757 qui
1330 648 1589 758 ignorantiam
1601 649 1747 731 incurii

417 766 607 847 librorum
628 763 915 845 &facultatum
933 762 1150 861 induelam,
1170 762 1305 838 animis
1324 756 1545 838 Senensrum
1571 756 1744 871 depelle.

417 903 516 961 rent.
550 882 592 959 N
596 906 641 957 ec
660 872 843 956 incalsum
862 879 1028 955 accitam
1048 869 1325 983 Magistrorum
1344 868 1501 949 turbam
1521 867 1624 949 casus
1648 871 1744 952 edo.

418 995 498 1071 cuit
517 1036 527 1094 5
557 994 582 1067 ii
603 1016 771 1099 namque
792 992 982 1068 Bociuum
1002 986 1213 1096 quemdam
1234 985 1439 1063 Barocium
1460 978 1648 1062 lethifera:
1671 982 1743 1063 do.

414 1107 545 1183 thina
564 1097 706 1180 semina
725 1099 773 1180 ab
791 1104 899 1179 annis
917 1102 1051 1211 viginti
1066 1091 1309 1207 spargentem
1328 1090 1682 1203 deprehenderunt.
1708 1098 1746 1177 Is

416 1218 520 1294 enim
540 1210 770 1292 idololatrix
789 1206 984 1320 cujusdam
1005 1207 1152 1288 cultum
1174 1200 1600 1313 disseminabatzneque
1617 1209 1742 1286 moni.

416 1350 477 1404 tus
492 1319 718 1434 causamque
735 1324 863 1404 dicere
879 1314 991 1431 jullus
1008 1318 1162 1430 respuit
1183 1353 1191 1396 :
1209 1312 1274 1397 sed
1291 1314 1487 1394 obdurato
1506 1319 1659 1418 anim0,
1669 1345 1742 1428 pro

416 1435 514 1515 virili
535 1434 748 1515 doctrinam
768 1435 975 1517 tuebatur:
995 1457 1114 1542 quare
1133 1433 1170 1507 in
1190 1455 1349 1539 poenam
1365 1424 1517 1507 violata:
1532 1451 1742 1539 corrupta-

416 1575 491 1658 que
519 1546 713 1659 religionis
737 1545 936 1630 ultricibus
960 1542 1122 1624 flammis
1150 1539 1315 1619 traditus
1336 1532 1629 1647 consumensque
1658 1535 1743 1619 fuit.

415 1664 515 1740 Hac
530 1663 570 1736 in
589 1658 775 1738 chronico
791 1656 945 1739 Senensi
964 1656 1163 1763 Anonymi
1183 1646 1389 1760 eujusdam.
1419 1649 1527 1727 Alius
1543 1676 1662 1758 porro
1676 1678 1742 1729 co.

416 1771 492 1850 dex
520 1769 731 1850 anecdotus
754 1774 813 1849 cui
835 1766 1020 1849 Bithema
1039 1791 1208 1865 nomen,
1239 1784 1432 1843 tentatam
1453 1759 1519 1838 diu
1537 1784 1653 1840 antea
1677 1759 1742 1839 lit-

416 1907 586 1963 terarum
609 1881 925 1961 restaurationem
949 1901 1143 1959 memorat
1170 1911 1178 1953 :
1206 1902 1297 1953 nani
1326 1900 1429 1953 anno
1456 1895 1502 1950 ut
1529 1868 1651 1950 habet
1675 1869 1742 1951 ille

418 2001 520 2096 1248.
541 1990 662 2073 soluta
681 1998 930 2105 pecuniarum
949 1992 1105 2101 praemia
1123 1983 1335 2097 Magistris,
1352 1997 1416 2091 qui
1434 2004 1662 2085 portaverunt
1680 1982 1743 2061 lit-

416 2128 508 2184 teris
522 2119 705 2183 eoiuruuuis
726 2120 736 2207 (
759 2104 807 2184 sic
827 2114 838 2202 )
856 2128 918 2210 per
930 2099 1121 2215 Tusciam,
1137 2095 1325 2174 iuvituudu
1345 2118 1385 2173 ut
1395 2091 1568 2206 fistulares
1583 2105 1743 2172 venirent

414 2216 680 2320 aestatuum
700 2229 850 2294 civitate
867 2224 1045 2298 Seuerum.
1073 2212 1181 2289 Hinc
1199 2206 1363 2287 florente
1382 2209 1421 2283 in
1442 2202 1548 2283 Urbe
1568 2202 1744 2283 dostrina

417 2353 534 2438 atque
551 2325 676 2407 studio
695 2326 932 2425 litterarum,
954 2318 1119 2403 Carolus
1141 2324 1210 2400 IV.
1231 2322 1449 2429 Imperator
1463 2311 1593 2395 emisso
1610 2317 1744 2425 Pragae

417 2467 637 2543 an1101357.
666 2439 849 2540 decret0,
879 2432 1102 2517 Senensrbus
1126 2434 1233 2542 paria
1259 2454 1377 2537 atque
1404 2431 1548 2507 caeteris
1567 2452 1638 2537 per
1665 2428 1742 2506 Ita-

417 2550 508 2629 liam
527 2549 829 2629 universitatibus
848 2558 886 2628 &
904 2543 1151 2626 facultatibus
1168 2541 1357 2620 concessit.
1385 2538 1570 2631 Studium,
1590 2536 1640 2614 sic
1650 2535 1742 2637 ille,

417 2662 510 2769 queed
522 2661 651 2739 ididem
668 2661 833 2741 bassetus
851 2654 1016 2771 viguiffe,
1034 2652 1093 2762 ſsd
1107 2651 1162 2732 bis
1183 2652 1389 2755 temporibus
1399 2648 1563 2755 permissu
1579 2656 1658 2731 Dei
1673 2647 1745 2725 ali-

417 2772 574 2881 qualiter
590 2768 872 2886 obscuraturueffi‘
891 2760 1122 2882 dignoscitur,
1143 2776 1180 2843 in
1195 2761 1304 2841 sutem
1324 2763 1533 2841 deceruimus
1554 2771 1680 2871 erigere
1691 2789 1742 2837 re-

416 2886 593 2962 diruam.

473 2999 517 3075 ln
534 2993 694 3074 ecclesia
720 2999 749 3076 S.
779 2994 981 3076 Dominici
1002 2988 1124 3069 exstat
1151 2982 1297 3066 tabella
1322 2987 1362 3061 B.
1383 2984 1552 3092 Virginis
1577 3005 1742 3092 puerum

410 3100 537 3219 Jesum
561 3105 759 3217 gestantis,
780 3111 900 3217 perite
919 3099 1114 3182 delineata
1136 3124 1253 3208 atque
1273 3094 1444 3207 depicla,
1468 3120 1584 3203 quam
1609 3116 1743 3169 tamen

419 3215 545 3297 ferreo
564 3222 716 3329 pictura
734 3224 951 3326 artiumque
974 3207 1109 3290 laculo
1140 3207 1358 3288 confestam
1386 3205 1532 3285 docent
1553 3197 1744 3313 supposita

420 3329 547 3409 eidem
567 3332 746 3409 carmina.

588 3564 661 3632 Me
678 3550 789 3631 Guidu
809 3547 968 3632 de'Seuir
993 3544 1112 3624 diebus
1133 3542 1292 3645 depinxit
1309 3550 1474 3639 autentis,

585 3678 696 3773 Qui
714 3661 869 3768 Christus
885 3662 994 3761 lenit,
1013 3659 1116 3736 nullu
1135 3653 1221 3733 uelit
1239 3681 1341 3763 uigere
1352 3664 1470 3755 peuri.

840 3882 887 3960 A.
926 3884 980 3962 D.
1018 3875 1301 3960 MCCXXI.

480 4107 666 4183 Carmina
687 4101 815 4181 isthac
836 4107 1032 4202 Leonina,
1053 4096 1289 4209 oppofitam‚
1310 4118 1353 4171 ut
1372 4117 1488 4170 nemo
1509 4116 1587 4165 non
1603 4086 1740 4166 adver-

426 4220 625 4315 tit‚menti
639 4208 827 4323 scriptoris
839 4213 1064 4295 sententiam
1082 4206 1258 4290 efferunt.
1280 4209 1333 4285 Ex
1352 4202 1462 4308 hujus
1476 4221 1605 4277 autem
1618 4196 1741 4276 tabel-

426 4326 471 4405 lae
491 4327 682 4407 elevantia
702 4320 908 4419 Senenses,
934 4322 1150 4403 restaurate
1180 4321 1345 4429 pistorie
1367 4317 1457 4391 artis
1484 4308 1646 4420 gloriam
1676 4306 1742 4386 fibi

427 4467 506 4517 non
528 4397 757 4518 Florentinis
775 4432 1004 4546 adscriptam
1026 4431 1187 4510 volunt:
1208 4434 1390 4536 aiuntque
1415 4418 1631 4503 Cimabuen
1653 4418 1741 4498 Flo.

428 4554 645 4648 rentinum,
665 4575 776 4656 aquo
798 4546 1009 4628 restitutam
1025 4548 1065 4622 in
1079 4541 1189 4621 ltalia
1205 4543 1388 4649 picturam
1409 4553 1567 4613 narrant
1583 4528 1741 4609 Floren-

429 4664 499 4737 tini
519 4728 529 4759 ,
550 4658 678 4738 multis
697 4657 782 4769 post
810 4662 917 4736 annis
944 4650 1126 4753 floruisse,
1150 4674 1285 4729 natum
1304 4645 1485 4726 videlicet
1507 4670 1610 4720 anno
1632 4669 1738 4741 1240.

431 4776 496 4881 qui
513 4795 644 4851 tamen
655 4769 744 4848 huic
760 4767 913 4849 tabella‘
924 4772 986 4847 vix
999 4791 1133 4878 parem
1146 4759 1322 4843 ediderit.
1354 4760 1409 4836 At
1419 4780 1554 4838 contra
1564 4773 1739 4865 pugnant
