4414 5692
450 400 528 503 278
924 378 1113 472 Diarium
1132 379 1331 472 Italicum.

444 523 565 615 June:
594 507 670 587 alio
694 536 849 619 qnoque
870 506 958 587 loco
975 507 1116 619 legitur
1135 576 1145 607 ,
1165 524 1336 592 Courtor's.
1371 510 1416 587 ln
1432 511 1605 617 equitum
1625 508 1774 622 liguris,

445 622 626 735 ephippia
646 614 867 699 scamltdam
887 649 966 697 non
987 620 1144 701 habent.

501 734 641 812 Codex
660 737 832 811 'seremii
856 731 995 808 unciali
1014 731 1233 811 characlere
1253 730 1495 843 ,Virgiliano
1516 758 1593 808 non
1607 732 1772 814 multum

444 842 733 925 atateinscnor.
762 842 819 920 [st
845 841 988 922 ibidem
1007 846 1182 923 Terentii
1200 843 1326 922 codex
1345 842 1444 925 alter
1458 874 1510 924 nr.
1528 837 1662 923 saciilo
1684 854 1772 926 exa-

439 955 758 1064 ratusaquodam
770 948 1101 1066 Hrodogario,ut
1113 953 1258 1035 ibidem
1271 954 1422 1067 legitur.

497 1062 707 1163 Observavi
729 1067 913 1145 Graccum
935 1067 1112 1146 codicem
1140 1095 1174 1145 x.
1199 1061 1351 1169 saculi,
1375 1097 1459 1178 qua:
1481 1067 1537 1149 est
1562 1069 1712 1149 Catena
1731 1073 1770 1148 in

438 1174 600 1289 psalmos
628 1245 638 1273 ‚
664 1176 800 1257 eadem
822 1172 971 1285 prorsus
993 1205 1111 1256 manu
1129 1173 1318 1289 descripta
1358 1208 1433 1289 qua
1453 1180 1577 1259 codex
1605 1179 1703 1260 alter
1725 1180 1766 1260 st-

437 1287 536 1366 milis
556 1293 593 1367 in
616 1286 853 1367 bibliotheca
874 1292 998 1401 Regia
1022 1356 1033 1391 ,
1058 1291 1162 1398 cujus
1182 1290 1292 1369 nobis
1310 1294 1349 1369 in
1367 1292 1537 1371 editione
1550 1295 1582 1369 S.
1597 1292 1767 1368 Athana-

438 1398 477 1477 sii
497 1429 576 1477 non
594 1392 828 1508 spernendus¹
846 1395 927 1477 usus
947 1400 1029 1479 snit.
1048 1400 1249 1513 Quodque
1268 1399 1455 1513 singulare
1476 1401 1768 1500 est,amanuen-

436 1509 479 1589 hs
498 1510 538 1588 id
559 1516 707 1590 curavit
728 1537 769 1590 nt
788 1516 933 1622 pagina
950 1511 1101 1623 lingula
1121 1517 1162 1591 in
1181 1538 1347 1623 utroque
1364 1513 1500 1591 codice
1520 1511 1657 1591 eadem
1671 1507 1763 1591 sem-

433 1648 504 1732 per
523 1649 620 1701 voce
639 1649 704 1700 aut
724 1619 867 1730 syllaba
886 1622 1116 1703 claudantur
1139 1670 1149 1727 3
1169 1652 1294 1735 neque
1314 1620 1434 1703 solunt
1459 1629 1498 1701 in
1515 1626 1680 1734 paginis,
1699 1620 1759 1703 sed

432 1735 473 1811 in
492 1730 599 1813 lineis
616 1733 825 1843 quibusque
844 1761 913 1843 par
929 1733 1130 1844 diligentia
1145 1760 1312 1815 notatur.

440 1899 445 1908 .
465 1912 470 1917 .
486 1846 542 1924 Ex
562 1843 758 1924 codicibus
777 1869 909 1924 autem
925 1849 1123 1926 Vaticanis
1141 1874 1221 1924 non
1232 1871 1354 1955 pauca
1363 1844 1578 1925 institutum
1589 1844 1762 1926 nostrum

430 1950 635 2064 spedantia
654 1951 914 2066 descripsimus
931 2023 941 2056 ,
958 1950 1265 2036 subministrante
1286 1954 1396 2034 nobis
1415 1956 1569 2037 codices
1586 1965 1669 2035 viro
1690 1957 1761 2034 do.

429 2069 490 2146 &0
503 2068 713 2147 Laurentio
731 2069 966 2179 Zaccaignio
978 2135 988 2167 ,
1001 2065 1246 2147 hibhothecae
1261 2074 1388 2180 primo
1403 2066 1572 2150 custode.
1585 2072 1683 2149 Hac
1695 2062 1760 2146 suo

429 2176 519 2255 loco
541 2177 685 2289 publici
702 2182 792 2287 juris
808 2176 935 2259 lacere
955 2177 1198 2258 destinamus.

482 2292 524 2369 N
528 2314 687 2368 utantur
703 2297 819 2370 etiam
838 2289 1091 2399 antiquissima
1110 2289 1228 2369 biblia
1245 2287 1494 2371 Theutonica
1505 2335 1514 2391 3
1526 2312 1566 2367 at
1582 2318 1668 2367 cum
1681 2295 1756 2401 pri-

427 2402 499 2478 mis
517 2396 711 2512 suspicitur
729 2402 855 2480 codex
881 2404 1038 2481 Minutii
1069 2400 1203 2481 Felicis
1218 2401 1260 2479 de
1279 2432 1384 2479 errore
1402 2400 1660 2505 prophanatum
1677 2403 1757 2483 reli,

422 2521 571 2621 giorum.
603 2516 725 2591 Mitto
746 2511 863 2591 libros
882 2540 904 2590 a
925 2515 1099 2592 blattino
1119 2512 1294 2594 Luthero
1314 2577 1325 2610 ,
1347 2509 1454 2591 &ab
1478 2513 1656 2590 Henrico
1678 2512 1757 2590 Oc·

427 2646 518 2700 tavo
539 2622 688 2733 Anglia
714 2651 805 2733 rege
825 2620 983 2734 scriptos
1005 2670 1015 2726 3
1042 2650 1198 2705 necnon
1227 2621 1380 2702 codices
1399 2625 1432 2702 S.
1457 2619 1590 2700 Caroli
1612 2625 1754 2701 Burro.

426 2736 510 2811 mai
528 2740 567 2813 &
589 2730 743 2814 Calatis
764 2741 917 2815 Batonii
936 2803 946 2835 ,
965 2740 1053 2844 qnia
1070 2735 1157 2816 istos
1174 2731 1307 2848 sponte
1328 2731 1513 2814 exhibent
1538 2733 1751 2813 adventan-

426 2841 535 2923 tibus.
1708 2921 1712 2928 .

479 2957 507 3034 E
525 2962 683 3067 regione
704 2956 893 3035 columne
913 2984 958 3036 ex
971 2955 1268 3056 alabastrite,est
1289 2954 1489 3036 archivum
1502 2959 1751 3058 Vaticanum,

422 3064 580 3173 plenum
609 3068 867 3147 instrumentis
891 3072 1126 3168 innumeris,
1148 3098 1314 3178 quorum
1344 3061 1494 3146 secretis
1518 3070 1751 3147 intervenire

424 3204 502 3252 non
527 3177 623 3256 lii-et

477 3292 522 3367 ln
539 3292 682 3370 adibus
701 3291 750 3369 ad
769 3316 984 3371 extremum
1004 3288 1172 3401 porticds
1194 3289 1266 3369 sitis
1288 3287 1450 3398 ,quibus
1470 3287 1665 3371 Bclvrdrrr
1683 3317 1750 3366 no.

421 3426 512 3479 men
530 3466 541 3501 ,
562 3401 616 3482 est
635 3403 859 3513 impluvium
880 3403 1026 3513 grande
1045 3469 1056 3503 ,
1073 3400 1201 3481 statuis
1217 3399 1457 3482 elevantibus
1479 3423 1660 3477 ornatum
1679 3444 1689 3500 3
1710 3402 1748 3480 in

419 3506 498 3619 ipso
516 3516 613 3590 atrio
632 3515 785 3593 videtur
806 3511 1016 3622 Cleopatra
1031 3539 1250 3592 marmorea
1269 3469 1527 3608 decumbens,
1540 3509 1747 3591 mordente

421 3621 619 3702 brachium
645 3620 771 3735 aspide
791 3691 802 3722 ,
823 3653 899 3733 quo
918 3623 1099 3705 videlicet
1116 3623 1185 3702 litu
1209 3648 1293 3703 erat
1313 3621 1472 3733 quando
1492 3619 1556 3699 sibi
1576 3647 1746 3704 mortem

421 3729 602 3814 conscivit
629 3772 636 3812 :
668 3735 749 3815 alia
773 3734 901 3814 statua
923 3741 1066 3817 nemini
1088 3765 1169 3815 non
1194 3762 1326 3834 nota,
1352 3734 1401 3814 de
1427 3736 1657 3813 Laocoonte
1684 3732 1741 3810 di.

418 3848 540 3922 ximus
552 3841 670 3955 supra,
683 3848 856 3927 Fulvium
876 3848 1054 3926 Urlintnn
1067 3875 1145 3926 non
1157 3876 1292 3957 parum
1305 3842 1465 3956 scrupuli
1479 3839 1642 3950 injecisse
1655 3871 1746 3922 con-

417 3979 479 4033 tra
498 3957 692 4068 vulgatam
713 3984 828 4067 atque
847 3985 1044 4070 receptam
1061 3956 1287 4040 sententiam
1301 4026 1311 4057 ,
1324 3985 1398 4066 qua
1415 3955 1545 4035 ferunt
1560 3953 1742 4036 eumdem

418 4060 535 4177 ipsum
560 4065 630 4148 else
651 4073 715 4178 qui
735 4069 784 4149 ab
801 4064 1046 4181 Agelandm,
1068 4069 1266 4177 Polydoro
1287 4077 1325 4148 &
1341 4065 1603 4146 Athenodoro
1627 4057 1744 4177 sculp.

419 4178 564 4257 ton'bus
592 4180 743 4260 calatus
760 4180 825 4261 est.
842 4189 973 4262 Venus
987 4181 1054 4261 illa
1067 4174 1637 4287 Sallullia,dequasuperiusin
1649 4175 1742 4256 hor·

416 4292 464 4366 tis
488 4289 716 4370 Sallustianis
735 4360 745 4391 ‚
765 4296 802 4370 in
827 4294 968 4403 angulo
988 4291 1159 4403 quodam
1180 4290 1351 4401 impluvii
1370 4292 1555 4397 erigitur,
1575 4314 1661 4365 cum
1683 4290 1741 4371 in-

418 4394 619 4509 scriptione
639 4402 783 4482 ibidem
802 4402 925 4482 allata.
966 4404 1140 4498 Reliqua:
1159 4403 1288 4480 stature
1306 4399 1495 4508 Apollinis
1516 4464 1526 4493 „
1550 4404 1586 4478 V
1591 4403 1712 4477 eneris
1729 4468 1739 4502 ,

420 4519 602 4612 Antinoi‚
625 4516 837 4593 Commodi
855 4516 1059 4594 notissima:
1080 4521 1125 4594 ln
1142 4514 1272 4592 medio
1294 4540 1413 4607 area,
1434 4509 1555 4619 ligura
1573 4510 1657 4589 Nili
1672 4512 1739 4591 de-

419 4622 633 4703 cumbentis
649 4690 660 4726 ,
679 4655 761 4735 quae
783 4650 892 4704 notas
910 4620 1134 4735 tesserasque
1152 4622 1368 4703 nobililhmi
1384 4621 1487 4700 sluvii
1505 4619 1676 4731 praised,
1689 4625 1739 4699 vi-

420 4732 561 4814 delicet
580 4736 833 4849 Trogloditas
850 4736 1130 4817 homunciones
1151 4733 1291 4846 cymba
1301 4738 1429 4815 verstos
1441 4732 1639 4847 captandis
1651 4763 1737 4815 cru-
