4422 5692
493 425 569 510 ²30
935 382 1121 475 niarium
1142 379 1338 475 Italiam.

494 517 592 627 paris
609 508 814 590 latitudinis
830 507 975 588 tabulas
994 509 1113 609 duas,
1136 536 1217 618 qua
1237 508 1377 588 ibidem
1397 533 1619 617 comparent
1638 577 1649 609 ,
1669 516 1781 592 ador.

493 625 607 701 navit.
628 624 673 700 In
689 614 880 736 prospedlu
899 619 1035 696 aedium
1054 622 1250 718 interiori,
1268 612 1455 727 suspicitur
1472 640 1584 725 caput
1592 620 1695 727 Jovis
1710 624 1778 701 Ca.

493 729 641 839 pitolini
659 774 669 830 5
688 729 866 838 idiplum‚
883 751 925 805 ut
942 726 1114 827 videtur,
1131 727 1234 834 quod
1252 749 1368 834 porta
1384 725 1516 802 Palatii
1526 726 1780 835 Augustorum

492 836 747 937 exornandae,
770 836 862 915 olim
877 832 940 915 usu
959 860 1124 915 venerat.
1146 840 1272 932 Nam,
1292 834 1427 913 eodem
1450 859 1625 913 narrante
1643 835 1779 915 Flami.

490 950 556 1023 nio
575 1013 586 1047 ,
606 976 692 1024 cum
708 944 822 1027 theca
837 941 898 1023 sua
912 938 1081 1025 effollum
1097 942 1150 1023 est
1167 946 1205 1019 in
1224 940 1470 1021 ruderibus&
1493 942 1684 1051 parastatis
1702 944 1783 1022 ostii

489 1053 749 1162 Augustalium
767 1054 903 1133 aedium
920 1120 931 1153 ,
948 1059 987 1131 in
1004 1059 1106 1162 queis
1123 1055 1337 1159 permixtim
1355 1050 1461 1127 situm
1479 1050 1779 1159 prostratumque

488 1162 648 1266 jacebat.
670 1162 753 1242 Istic
769 1169 861 1242 item
877 1164 1016 1243 Silenus
1032 1162 1096 1238 ille
1115 1160 1306 1237 Bacchum
1326 1156 1509 1235 infantem
1530 1157 1686 1236 brachio
1702 1158 1777 1269 gel.

490 1292 572 1345 tans
592 1335 603 1368 ,
622 1276 686 1386 qui
702 1296 827 1347 erutus
846 1268 964 1347 fertur
980 1265 1139 1376 superius
1152 1268 1199 1343 ad
1212 1267 1343 1343 hortos
1355 1265 1599 1343 Sallustianos.
1619 1269 1777 1345 AEdiuni

489 1404 616 1452 murus
632 1372 975 1485 lrontispiciumque
991 1441 1002 1474 ,
1027 1374 1099 1482 quai
1118 1375 1250 1450 hortos
1266 1370 1402 1482 spectat
1416 1439 1425 1472 ,
1437 1369 1606 1479 splendet
1622 1374 1775 1483 anagly-

487 1483 572 1591 phis
585 1484 802 1590 peritillimae
816 1510 947 1561 manus
967 1550 977 1583 ,
997 1479 1059 1562 sed
1074 1481 1297 1590 plerumque
1312 1480 1520 1579 recenficis3
1536 1479 1662 1557 statuis
1681 1511 1772 1587 quo.

488 1616 562 1696 que
580 1598 688 1671 aeneis
707 1657 717 1689 ,
738 1592 1037 1699 porphyreticis,
1054 1587 1399 1667 marmoreis:nilril
1420 1588 1582 1693 denique
1593 1589 1640 1664 ad
1652 1587 1773 1696 perfe-

486 1698 677 1775 nmmum
696 1723 872 1775 ornatum
892 1698 1132 1777 desideratur.
1153 1696 1321 1774 Inhorto
1333 1723 1488 1803 parvum
1501 1694 1771 1776 adifitittrnex.

485 1804 578 1903 stat,
598 1803 767 1883 locanda:
784 1805 931 1885 Niobes
948 1804 1107 1882 historiae
1152 1828 1309 1881 aratum.
1331 1800 1440 1881 Nihil
1453 1800 1576 1912 liguris
1589 1798 1770 1882 lrisceele-

485 1916 631 2019 gasirius
648 1949 655 1990 ε
673 1932 815 1993 caenon
831 1939 1032 2020 corporeos
1052 1832 1169 1989 modo
1189 1909 1337 1989 habitus
1356 1903 1644 2013 motulque‚sed
1657 1915 1771 1991 etiam

482 2015 635 2097 alferius
651 2024 765 2097 animi
784 2086 794 2119 ,
814 2020 955 2100 doloris
971 2086 982 2119 ‚
1003 2018 1236 2117 formidinis,
1255 2017 1409 2115 furoris,
1425 2022 1531 2091 variis
1551 2018 1589 2090 in
1610 2016 1771 2096 vultibus

482 2152 528 2204 ex
557 2130 845 2226 rimunt,cattera
855 2132 952 2204 trita.
965 2125 1388 2206 Subterraneainhortis
1399 2120 1479 2200 lunt
1490 2122 1603 2231 longe
1619 2122 1770 2233 lateque

482 2153 639 2310 dicineus
656 2234 840 2317 meatibus
858 2233 994 2335 ,instar
1011 2237 1315 2314 coemeteriorum
1333 2299 1344 2332 ,
1364 2259 1445 2340 quae
1462 2230 1536 2311 sine
1556 2232 1702 2311 cautela
1721 2262 1769 2315 nc

482 2340 675 2419 adeantur.
917 2401 920 2405 ,

534 2448 622 2525 UN
634 2450 884 2528 DECIMA
899 2451 1009 2528 DIE
1029 2445 1244 2558 Collegium
1270 2450 1318 2528 de
1337 2448 1589 2556 Propaoanda
1606 2446 1681 2526 fide
1693 2452 1767 2556 pri.

480 2579 546 2629 mo
563 2555 720 2633 adiimus
736 2622 747 2654 ,
766 2554 976 2665 linguarum
999 2582 1096 2665 pene
1113 2562 1281 2634 omnium
1301 2561 1396 2664 typis
1415 2517 1630 2633 inliruelum
1647 2620 1658 2653 ,
1675 2556 1766 2633 edu-

480 2661 608 2738 candis
628 2668 788 2741 maxime
808 2667 985 2768 juvenum
1004 2669 1287 2772 peregrinorum
1300 2664 1478 2761 coetibus,
1499 2667 1704 2740 excitatum
1725 2688 1767 2741 ut

478 2767 685 2845 institutum
706 2776 788 2848 vitaz
808 2769 998 2879 probum,
1018 2797 1112 2850 verae
1136 2776 1229 2850 item
1254 2800 1297 2850 ac
1323 2768 1447 2879 priscae
1466 2768 1654 2871 religionis
1672 2797 1764 2876 prae.

479 2882 595 2980 ceptis
614 2876 827 2977 informati,
840 2882 879 2955 in
898 2875 957 2954 sua
975 2874 1126 2985 quilque
1143 2884 1296 2987 regione
1315 2904 1513 2988 germana,
1533 2857 1679 2955 incerat
1696 2875 1764 2954 dil-

479 2982 623 3087 ciplina
637 2980 774 3062 semina
791 2981 1034 3093 conspergere
1057 2986 1217 3063 valcant.
1234 2987 1406 3091 Trajedlal
1426 2985 1765 3091 deindeea,quam

475 3083 720 3196 Hilpanicam
769 3092 927 3190 lateam,
946 3092 1061 3169 afixis
1082 3096 1255 3171 Oratoris
1273 3092 1464 3200 Hispanici
1484 3089 1763 3190 sedibus,‘voci-

475 3217 559 3272 tant
578 3261 588 3294 ,
606 3198 653 3273 ad
677 3227 720 3277 ve
755 3204 868 3306 igium
886 3203 1116 3278 Domitiana
1136 3203 1412 3297 Naumachia,
1432 3202 1468 3275 in
1487 3198 1673 3275 radicibus
1684 3201 1763 3275 col-

475 3301 516 3376 lis
536 3303 654 3381 Pincii
671 3306 777 3383 fitum
798 3308 1042 3403 adventatur,
1059 3334 1141 3411 quat
1160 3306 1356 3415 paulopost
1374 3311 1586 3386 Domitiani
1599 3331 1761 3384 mortem

474 3408 623 3508 diruta,
642 3412 757 3491 hodie
775 3435 902 3491 tamen
922 3414 1025 3519 quod
1041 3413 1089 3487 ad
1110 3413 1217 3491 litum
1234 3412 1433 3493 internosci
1447 3414 1558 3491 valet.
1577 3417 1762 3492 Excitavit

471 3518 740 3618 Domitianus,
757 3544 932 3600 narrante
953 3524 1130 3598 Suetonio
1149 3586 1160 3621 ‚
1178 3523 1360 3613 Stadium,
1379 3524 1423 3613 Co
1436 3520 1761 3611 Mesammon-

470 3625 643 3701 machnam
661 3652 673 3707 5
691 3660 707 3703 e
728 3635 820 3725 cujas
833 3635 945 3731 postea
961 3628 1077 3728 lapide
1086 3689 1097 3720 ,
1111 3642 1285 3705 maximus
1305 3643 1450 3720 Circus,
1467 3629 1587 3727 deustis
1603 3644 1760 3731 uanaque

468 3730 649 3825 lateribus,
669 3739 850 3835 erdrrrllar
867 3742 917 3837 est
939 3736 1094 3813 Odeum
1105 3764 1195 3813 vero
1207 3733 1756 3845 cujusgenerisadificiumfue-

467 3842 536 3935 rit,
556 3839 656 3917 haud
676 3839 757 3919 satis
776 3839 1004 3950 perspedlum
1022 3888 1031 3943 3
1052 3871 1122 3921 nec
1137 3844 1185 3921 de
1205 3842 1327 3921 forma
1349 3845 1450 3923 Odei
1470 3842 1589 3917 modo
1606 3907 1616 3940 ,
1636 3838 1696 3918 sed
1709 3844 1757 3921 de

466 3951 567 4023 vocis
586 3956 698 4025 etiam
718 3956 861 4059 origine
888 3947 1122 4058 disceptatur.
1157 3956 1248 4028 Sunt
1266 3956 1365 4030 enim
1387 3957 1448 4059 qui
1471 3950 1539 4028 >bd
1559 3954 1619 4028 riis
1638 3954 1712 4047 aa,
1734 3979 1757 4029 a

464 4058 523 4129 via
546 4059 720 4133 nimirum
747 4085 879 4135 votem
906 4059 1103 4157 derivent3
1137 4058 1239 4135 aliia
1261 4059 1447 4137 vocabulo
1468 4055 1539 4135 aas
1555 4059 1755 4150 mutilena,

462 4187 526 4239 aut
547 4164 623 4259 eills
637 4191 777 4257 castior,
796 4190 922 4243 ortum
940 4192 1078 4243 nomen
1093 4168 1485 4274 autumant3indeque
1499 4163 1606 4260 dlliov
1624 4166 1752 4243 Odeum

461 4267 598 4349 fadlum
622 4320 630 4373 5
647 4276 751 4377 juxta
771 4271 988 4353 alterutram
1009 4274 1314 4383 fignificatiouem
1336 4341 1345 4371 ,
1374 4280 1409 4351 in
1428 4282 1544 4351 varias
1559 4274 1751 4348 divertunt

461 4371 657 4457 sententias·
671 4418 678 4456 :
692 4412 776 4458 curn
794 4380 986 4488 postremis
997 4408 1068 4488 ego
1080 4382 1253 4458 libentius
1271 4382 1456 4459 calculum
1469 4381 1598 4459 feram.
1621 4385 1663 4456 In
1674 4387 1747 4485 pri-

461 4511 523 4560 ma
543 4491 706 4565 Suetonii
722 4490 888 4567 editione
905 4517 1008 4593 ,quae
1024 4488 1235 4565 Mediolani
1251 4517 1351 4565 anno
1373 4519 1472 4593 1475·
1487 4488 1649 4597 prodiit,
1671 4515 1748 4563 non

460 4592 614 4673 Odeum
626 4662 636 4692 ‚
647 4593 707 4673 sed
722 4595 980 4680 Exmethodirem
997 4595 1140 4707 legium
