4264 5684
406 466 467 521 no
876 439 1055 522 Dierium
1085 428 1251 527 lodicum

400 558 554 636 Palatini
581 582 705 639 torum
730 562 941 640 intermedii
968 571 1041 642 vici
1069 575 1160 645 larus
1180 577 1332 646 alterum
1361 573 1603 679 occupabant.
1641 576 1702 652 Nc

399 672 531 766 multa,
545 671 638 745 nihil
659 672 695 746 in
707 671 805 748 Urbe
821 676 1003 779 vulgarius
1021 674 1091 751 fuir
1111 677 1183 751 hoc
1201 678 1342 754 miilicii
1358 708 1485 784 genere
1498 716 1506 757 :
1519 690 1600 787 quir
1613 714 1700 762 vero

297 798 303 807 ·
400 778 440 851 in
460 774 764 881 frequentioribus
783 780 892 858 Urbis
911 786 1071 885 pinibus
1098 813 1233 889 magno
1255 789 1529 888 numerosum,
1551 821 1622 867 nou
1643 798 1700 867 ii·
1726 887 1728 889 ‚

400 880 473 961 deo
486 885 577 990 quid
595 885 694 962 uliud
713 914 825 989 quam
846 891 1032 995 opotliccae
1053 895 1120 968 lite
1139 898 1294 971 ulturu-
1310 894 1448 974 sueiint
1460 934 1468 973 :
1481 928 1557 1002 quae
1571 907 1699 1004 opinio

399 992 511 1068 sicubi
526 993 657 1068 tradita
674 994 805 1098 scripto
825 997 947 1092 fuerit,
960 1029 1033 1074 non
1054 1004 1216 1077 occurrit
1237 1006 1376 1108 uspitin
1394 1008 1501 1098 milii,
1517 1015 1527 1100 (
1541 1010 1600 1083 scd
1618 1013 1699 1114 quis

399 1101 506 1201 potiit
526 1101 722 1204 prrszrrim
742 1104 797 1181 his
820 1110 856 1181 in
869 1107 974 1182 rebus
994 1111 1112 1216 legillc
1130 1114 1277 1211 omnia)
1299 1113 1456 1217 ideoque
1477 1123 1603 1219 majori
1619 1148 1700 1225 pcr-

399 1208 596 1313 quilizioue
616 1238 720 1313 opuS.

453 1317 592 1395 Eadem
611 1326 669 1395 viai
689 1318 734 1394 ad
757 1321 880 1398 lutum
902 1327 1058 1400 occurrit
1078 1329 1309 1404 villallrsuiiu
1338 1332 1373 1403 in
1399 1357 1469 1434 qua
1492 1331 1699 1434 speclaibiliu

400 1425 591 1526 quaedum,
614 1440 650 1507 dc
669 1432 785 1532 primo
803 1432 975 1511 'slietmae
994 1437 1167 1531 Helene,
1195 1440 1340 1543 integro·
1358 1466 1450 1542 peric
1471 1474 1479 1517 :
1501 1438 1547 1513 ud
1568 1442 1698 1516 ollium

399 1534 552 1637 sequens
571 1537 758 1641 inscriptio
786 1540 936 1644 legitur:

560 1661 614 1736 D.
641 1660 691 1736 N.
719 1664 981 1741 HELENA
1023 1669 1162 1746 VEN.
1195 1673 1332 1746 AUG.
1363 1675 1516 1750 MAT.
1551 1733 1560 1750 .
1590 1734 1637 1752 ..

558 1792 713 1868 AVIA
751 1794 778 1868 B
793 1794 939 1871 EATI
954 1798 1010 1873 SS
1015 1858 1511 1877 ..............

561 1915 848 1993 THERMA
874 1977 1032 2001 .....
1056 1925 1194 2002 ISTll
1203 1983 1540 2007 ..........

398 2078 509 2153 quam
527 2051 610 2128 ideo
632 2059 855 2133 exaravimus
876 2064 961 2161 quia
982 2057 1001 2136 *a
1020 2061 1241 2166 quibusdum
1269 2069 1367 2143 secus
1388 2065 1488 2142 edita
1506 2062 1590 2144 suit.
1629 2066 1698 2142 1324

396 2160 482 2234 dein
508 2187 600 2263 pene
628 2156 747 2239 forma
769 2167 852 2242 sunt
870 2170 1040 2247 Tlicrmae
1064 2200 1134 2277 qua
1159 2173 1300 2249 Piscina
1330 2177 1510 2251 Mirabilis
1532 2175 1696 2278 proxim'c

394 2268 523 2364 Baias,
542 2295 579 2345 at
599 2272 719 2348 inulto
736 2275 968 2381 angustiores.
996 2282 1213 2356 Duodecim
1234 2288 1414 2358 crmctellis
1435 2284 1602 2359 constant
1622 2319 1629 2360 :
1653 2310 1697 2357 cx

392 2375 539 2481 singulis
559 2375 606 2452 ad
622 2381 759 2457 vicinas
780 2380 899 2460 aditus
912 2389 983 2480 est,
1003 2392 1171 2494 olimque
1192 2394 1340 2466 munite
1361 2390 1562 2469 fornicibus
1582 2416 1695 2487 crant,

392 2486 458 2590 qui
482 2510 692 2588 temporum
710 2490 840 2591 injuria
864 2496 948 2598 lapsi
966 2497 1071 2596 sunt,
1092 2497 1237 2574 duobus
1257 2503 1415 2603 exceptis
1434 2535 1443 2577 ε
1465 2503 1488 2575 ii
1510 2528 1598 2575 vero
1620 2527 1697 2576 tum

391 2593 499 2670 firmo
522 2601 687 2676 crementi
707 2626 837 2707 genere
865 2603 982 2680 sttucli
1004 2607 1107 2704 sunt,
1125 2633 1165 2683 ut
1181 2606 1277 2683 ferro
1297 2610 1357 2682 vix
1380 2611 1566 2713 particule
1586 2636 1697 2683 excu-

394 2702 540 2780 tiantur.
571 2708 622 2782 Ex
642 2733 742 2812 aquae
756 2707 924 2790 Claudia:
939 2709 1050 2792 ductu
1061 2780 1071 2813 ,
1085 2720 1186 2818 cujus
1198 2742 1300 2792 arcus
1317 2716 1462 2819 aliquot
1479 2718 1557 2793 istic
1575 2716 1697 2793 risun-

395 2832 467 2905 tut,
481 2813 651 2890 Thermis
669 2843 762 2920 aqua
779 2818 1127 2905 subministrabatur.
1163 2826 1308 2902 Exstant
1327 2821 1467 2900 ibidem
1489 2823 1696 2928 inscriprio-

397 2945 462 2995 nes
482 2919 575 2996 bene
590 2926 728 3021 mulrae,
742 2952 912 3030 urnaeqtre
933 2927 1147 3035 sepulcrales
1169 2933 1382 3038 anaglyphis
1399 2960 1548 3009 ornatu.
1576 2929 1697 3041 Qud

398 3053 725 3108 monumentorum
746 3060 861 3139 genus
879 3040 929 3111 ira
947 3034 1118 3144 frequens
1135 3043 1265 3117 Romae
1285 3040 1355 3134 cst,
1374 3064 1414 3114 ut
1433 3043 1496 3116 vix
1517 3043 1591 3115 ullo
1612 3041 1698 3144 pos-

398 3134 465 3212 sint
485 3139 522 3214 in
545 3138 631 3216 loco
648 3163 782 3216 terrani
802 3141 983 3242 effodere,
1005 3153 1096 3252 quin
1120 3149 1233 3226 simile
1261 3149 1452 3252 quidpiam
1479 3152 1536 3223 vel
1557 3149 1696 3250 impu·-

399 3242 524 3321 dentes
541 3273 681 3325 eruant.
719 3249 821 3325 Dum
849 3254 906 3330 liis
933 3254 1109 3334 cudendis
1128 3286 1318 3351 vacarem,
1340 3253 1618 3359 inscriptionem
1643 3255 1698 3329 sc-

399 3378 575 3453 quentein
598 3358 728 3434 Romae
748 3383 862 3464 nuper
881 3387 1023 3441 erutam
1040 3369 1189 3471 accepi,
1212 3363 1232 3442 {r
1253 3367 1306 3441 D.
1325 3363 1527 3441 Guillclmo
1543 3368 1695 3466 Laparre

398 3462 491 3539 mihi
516 3462 764 3544 transmissam.
1535 3486 1538 3490 ·

959 3615 1009 3693 D.
1082 3617 1142 3691 M.

795 3749 1301 3831 ARRECINAE

850 3884 1242 3965 GNOMES

820 4018 1317 4098 ARRECINA.

829 4151 1265 4230 TERTULIA

767 4277 1134 4359 DELICIO
1190 4280 1329 4358 SUO

901 4413 1198 4491 FECIT.

449 4551 584 4627 lituum
606 4552 812 4652 observavi,
833 4557 896 4631 ubi
916 4557 1091 4663 Nympha
1115 4560 1226 4637 rheda
1248 4572 1395 4640 ducitur
1415 4575 1434 4633 a
1454 4580 1595 4637 onoous
1615 4588 1699 4636 cen-

394 4662 525 4756 tauris,
544 4688 698 4764 quorum
712 4664 801 4739 alius
813 4664 1041 4772 Cupidinem
1060 4667 1168 4747 dorso
1188 4670 1319 4779 gestut3
1335 4674 1425 4751 alins
1438 4671 1580 4749 leonem
1595 4668 1699 4748 ducit
