4352 5690
376 365 449 470 378
844 344 1253 441 Diariumltalicum.

376 476 481 580 mels,
501 475 569 555 illo
590 476 721 590 dirigit
738 480 834 579 iter,
852 480 1078 585 intereaque
1096 480 1136 553 in
1154 478 1338 556 Montem
1358 476 1476 576 Luci,
1496 473 1571 558 live
1581 499 1624 559 ut
1636 506 1700 559 vo-

378 590 877 683 cantMoutrlur0‚evicino
896 586 1085 698 posstum,
1103 584 1316 775 professus,
1335 582 1539 695 subjeslam
1557 589 1699 672 vallem

377 724 495 809 atque
522 725 736 780 torrentem
759 724 881 810 ponte
914 702 1019 777 mirae
1040 693 1106 777 sub
1124 701 1280 776 imitatis
1307 701 1464 807 trajeci,
1489 706 1554 810 qui
1579 705 1697 782 etiam

374 808 1049 922 aequadut‘iupragrarrdiinstruitur.
1078 807 1354 888 Ponsarcubus
1368 810 1524 913 decem,
1534 812 1619 923 pilis
1633 841 1699 892 no-

373 950 463 1001 vern
484 921 655 1025 constat,
679 920 764 1033 pilae
781 947 913 1003 autem
932 927 972 1001 in
991 919 1124 1001 medio
1144 945 1190 1000 ea
1207 917 1411 1002 altitudine
1428 919 1534 1024 sunt,
1559 948 1603 1003 ut
1621 923 1714 1004 stu..

372 1060 508 1144 porem
527 1028 820 1143 inspeclantibus
840 1031 1031 1115 adferant.
1060 1035 1284 1113 Numerum
1305 1059 1394 1109 cum
1422 1058 1582 1113 arcuum
1612 1057 1695 1115 tum

372 1142 537 1253 pilarum
557 1145 755 1257 assignavi,
778 1150 868 1255 quia
892 1143 1068 1257 plerique
1088 1169 1223 1223 omnes
1251 1165 1381 1222 errant
1398 1145 1438 1221 ln
1463 1143 1696 1226 recensione.

373 1259 477 1366 Qia
495 1284 587 1335 vero
595 1285 691 1367 pons
702 1256 765 1337 ille
777 1257 826 1335 ab
841 1255 965 1337 altero
977 1254 1098 1335 latere
1113 1283 1194 1333 non
1206 1277 1323 1356 crate,
1333 1282 1412 1331 non
1424 1253 1697 1357 cancellis,nnn

372 1394 486 1443 muro
506 1373 697 1471 munitur,
717 1396 839 1481 nuper
850 1362 1076 1480 quibusdam
1091 1364 1236 1444 eafibus
1249 1362 1457 1445 funestatus
1467 1364 1532 1446 est,
1565 1366 1708 1476 Spole,

374 1480 475 1555 tinus
494 1478 651 1587 quidam
667 1485 830 1591 propriae
851 1482 980 1559 uxoris
999 1474 1320 1577 fastid10,alienae
1340 1475 1519 1588 cupidine
1537 1476 1697 1581 dudm,

373 1587 572 1670 consilium
593 1595 674 1669 iniit
694 1586 796 1671 suam
817 1596 963 1702 pariter
982 1586 1360 1669 uxorem&alterius
1371 1591 1550 1666 maritum
1563 1593 1695 1699 praci-

371 1700 599 1809 pitesdandi
612 1769 623 1804 ,
635 1701 838 1781 &viduam
850 1700 1031 1782 ducendi.
1050 1706 1304 1809 Quapropter
1314 1697 1408 1776 dolo
1419 1726 1579 1779 uxorem
1591 1696 1697 1780 suam

372 1805 600 1921 alteriusque
625 1816 807 1891 maritum
834 1841 913 1891 una
938 1841 1029 1890 cum
1054 1812 1247 1920 conjuge,
1272 1807 1367 1887 nihil
1396 1804 1622 1920 suspicantes
1644 1810 1695 1892 ad

371 1946 534 2031 pontem
555 1923 684 2023 ducit,
710 1950 754 2001 ac
773 1918 933 2035 impulsu
951 1921 1098 2034 duplici
1115 1920 1315 2000 hominem
1334 1924 1448 2031 praeci
1476 1924 1575 2025 itat3
1603 1920 1698 2003 hinc

371 2060 532 2112 uxorem
553 2040 748 2143 propriam
769 2033 1017 2146 aegreditur,
1036 2060 1121 2144 quae
1140 2058 1215 2153 ope
1238 2030 1406 2111 mulieris
1423 1947 1580 2113 alterius
1598 2061 1695 2143 prar-

371 2148 501 2253 eipitio
521 2148 691 2254 eripitur.
723 2104 908 2227 Scelestus
924 2173 1044 2255 porro
1070 2137 1144 2224 sese
1166 2148 1204 2221 lu
1235 2147 1475 2253 aproripuit.
1517 2146 1695 2227 Narrant

370 2257 464 2333 item
486 2254 701 2364 Spoletinos
720 2254 960 2359 duos,malae
970 2260 1061 2335 adae
1072 2257 1128 2335 rei
1145 2170 1431 2365 desperatione,
1450 2259 1596 2336 nonita
1617 2260 1693 2367 pria

372 2362 463 2442 dem
483 2368 521 2442 in
541 2371 765 2477 voraginem
786 2361 820 2447 se
840 2364 1028 2447 immrsrlle
1050 2363 1335 2473 :rusticumque
1355 2391 1478 2475 nuper
1501 2364 1605 2445 asino
1628 2394 1693 2447 ve-

370 2477 472 2553 slum
490 2473 782 2586 excidiumque,
803 2507 891 2556 eum
911 2482 951 2555 in
974 2480 1226 2586 precipitium
1248 2480 1343 2576 iret,
1386 2479 1484 2555 rimo
1499 2471 1622 2558 sentes
1637 2505 1694 2557 ar.

370 2579 540 2695 ripuilse,
560 2586 651 2666 hine
673 2588 845 2698 periculo
864 2591 962 2668 vires
981 2611 1172 2697 augente,
1187 2609 1303 2695 eaput
1321 2503 1412 2664 alim
1429 2586 1694 2699 amplexatum

369 2700 423 2776 ita
440 2692 582 2775 salvum
603 2696 761 2780 evasisse.

426 2812 543 2887 Mons
556 2812 649 2889 Luci
669 2814 846 2891 imminet
863 2807 988 2913 Urbi,
1015 2807 1163 2889 ilicibus
1182 2805 1329 2919 semper
1346 2807 1556 2889 virentibus
1581 2808 1691 2890 vasti.

371 2943 451 3020 tus,
472 2920 642 3000 creditur
660 2946 789 3002 autem
810 2921 900 3001 ideo
920 2922 1126 3005 Montelucr
1145 2925 1298 3021 vocari,
1345 2919 1561 3001 uiaibidem
1576 2920 1695 3024 olim,

370 3030 536 3112 florente
555 3038 756 3112 numinum
788 3032 922 3133 cultu,
945 3032 1051 3111 lutus
1076 3032 1213 3112 aderat
1233 3068 1242 3111 ε
1259 2949 1457 3141 hodieque
1485 3037 1524 3111 in
1550 3037 1693 3112 montis

372 3141 513 3223 declivi
531 3141 754 3224 observatur
773 3148 1016 3255 vetusJovis,
1036 3169 1077 3222 ut
1095 3141 1426 3254 aiunt,ternplum
1438 3211 1448 3243 ,
1461 3147 1522 3221 eui
1539 3140 1692 3225 fortasse

371 3281 545 3334 veterum
559 3286 667 3335 inore
679 3252 841 3335 sacratus
859 3254 965 3334 lucus
976 3251 1111 3334 suerat.
1140 3253 1230 3359 Oua
1247 3253 1382 3334 urbem
1396 3251 1544 3365 respicit
1559 3285 1694 3359 mona,

369 3363 417 3444 ab
433 3372 600 3446 eremitis
617 3368 825 3448 duodecim
844 3364 1047 3467 incolitur,
1066 3367 1131 3476 qui
1150 3365 1289 3443 domos
1306 3370 1447 3477 quique
1459 3362 1537 3444 suas
1547 3364 1697 3447 habent

371 3476 527 3587 paulurn
547 3479 711 3581 dillrtas,
737 3506 809 3558 nec
828 3479 1069 3558 ineleornrer
1089 3478 1242 3555 strudas
1263 3482 1316 3555 :ii
1343 3477 1518 3557 nonnihil
1540 3479 1590 3557 de
1611 3508 1691 3557 coe.

372 3588 541 3672 nobitiea
562 3594 638 3668 vita
655 3596 833 3670 retinent.
862 3548 1026 3670 Hasrent
1043 3593 1183 3700 quippe
1206 3586 1448 3699 prafedum,
1469 3588 1691 3693 erclefiam,

373 3699 513 3778 cellam
533 3700 774 3779 infirmorum
794 3730 1054 3780 communem.
1094 3704 1131 3780 Si
1159 3705 1224 3809 qui
1244 3704 1281 3778 in
1300 3725 1447 3779 cretum
1477 3700 1690 3780 admittun-

374 3833 458 3909 tur,
479 3815 501 3887 ii
515 3816 741 3891 novitiatunr
752 3838 965 3924 peragunt,
985 3812 1194 3923 &perinde
1210 3836 1328 3921 atque
1348 3814 1387 3890 in
1405 3810 1592 3891 coenobiis
1611 3811 1690 3892 cal.

374 3919 467 3998 culis
487 3916 741 4028 subjiciuntur.
771 3926 806 4002 A
836 3949 1013 4034 tempore
1040 3917 1155 4035 usque
1184 3923 1367 4033 Gregorii
1385 3928 1518 4035 magni
1536 3919 1691 4003 solitarii

373 4032 454 4109 illic
475 4032 622 4142 degunt
646 4070 654 4112 ε
677 4058 946 4145 memoratque
966 4031 1039 4145 ipse
1057 4038 1096 4111 in
1111 4033 1272 4145 dialogis
1290 4029 1459 4115 llaacum
1481 4035 1690 4144 quemdam

373 4147 411 4221 in
422 4168 556 4223 monte
568 4143 711 4254 Spoleti
722 4142 932 4226 versantem
947 4184 953 4225 :
966 4144 1335 4225 monstrantibidem
1357 4145 1497 4225 rudera
1515 4170 1691 4226 veterum

374 4251 560 4333 cellarum
586 4283 669 4363 quat
696 4282 718 4333 a
744 4261 930 4443 primaevis
958 4256 1031 4334 illis
1059 4254 1230 4334 solitariis
1255 4254 1535 4337 incolebantur.
1580 4263 1689 4337 Nam

401 4390 511 4445 utant
531 4364 580 4444 ab
603 4364 738 4445 Isaacii
758 4367 937 4468 liuram,
958 4396 1073 4477 quem
1094 4396 1163 4475 pro
1183 4392 1292 4477 patre
1310 4376 1348 4446 ὅ(
1365 4366 1523 4446 instituti
1535 4373 1690 4449 audore
1728 4405 1731 4412 ·

372 4394 539 4579 labent,
560 4478 610 4556 acl
632 4477 709 4555 lroc
727 4477 840 4587 usque
860 4504 1010 4587 tempus
1025 4476 1208 4554 solitarios
1223 4482 1261 4555 in
1281 4503 1412 4557 monte
1427 4482 1522 4557 Luci
1538 4477 1688 4591 degisse.

426 4590 471 4667 ln
492 4588 719 4673 Catlredrali
743 4588 844 4669 urbis
863 4590 1022 4669 eeclesia
1041 4588 1081 4665 id
1101 4585 1286 4698 singulare
1313 4585 1556 4691 observatur,
1582 4591 1689 4701 quod

371 4698 555 4781 umbones
569 4701 647 4781 duo
666 4730 689 4782 a
709 4701 891 4784 lateribus
906 4702 990 4782 ostii
1006 4699 1056 4781 ad
1076 4697 1246 4811 plateam
1260 4698 1468 4814 spestantes
1479 4706 1688 4813 erigantur,
