4352 5690
970 320 1560 450 caputvigeſsmumossuvum.
1794 343 1799 350 '
1838 368 1925 450 43¹

657 449 908 534 Duodecimn
926 446 1140 562 inscripti0‚
1159 445 1317 553 mutila,
1335 445 1385 528 ab
1406 450 1548 559 Sponio
1561 454 1601 529 in
1620 451 1822 533 itinerario
1831 456 1880 536 T.
1891 485 1922 558 3.

598 591 638 679 p.
658 571 719 668 84„
737 559 922 642 adfertur.

657 678 703 757 In
720 673 1005 753 decima-tertia
1021 665 1266 782 inscriptione
1282 668 1501 751 notandum
1518 670 1745 785 Laphanem
1764 681 1830 787 qui
1846 677 1920 761 sta.

600 808 712 865 tuam
731 782 916 866 Herculis
941 782 1132 867 Machate
1146 778 1339 894 sculptore
1360 779 1600 887 confectam,
1618 781 1844 899 AEsculapio
1868 786 1920 870 sa-

601 891 717 979 crasse
735 893 879 997 fertur,
899 895 1105 1009 dupliciter
1114 898 1298 1006 exprimi,
1315 896 1408 974 vitio
1419 891 1511 1005 putcl
1520 896 1779 1000 amanuensis,
1798 902 1937 980 modo-

600 1012 704 1087 enim
724 1010 904 1108 Aaepa'rnt,
924 1008 1047 1087 modo
1064 1003 1199 1102 sspu'nt
1225 1005 1374 1116 legitur.
1397 1007 1526 1086 Prima
1541 1001 1628 1089 sane
1647 1006 1760 1089 lectio
1775 1011 1920 1093 antefe-

598 1118 732 1199 renda.
779 1119 867 1199 Alia
881 1118 982 1198 sorte
1005 1115 1220 1198 suboriatur
1237 1115 1440 1196 difficultas
1457 1152 1466 1196 :
1485 1117 1579 1226 quid
1596 1114 1713 1197 causae
1739 1120 1922 1204 videlicet

599 1228 646 1307 fit
664 1230 770 1337 quod
791 1231 954 1309 statuam
975 1227 1105 1330 illam,
1123 1258 1206 1338 quac
1219 1251 1262 1304 ut
1278 1230 1408 1337 primis
1428 1227 1586 1337 quidem
1598 1228 1764 1309 versibus
1780 1233 1920 1312 intelli-

599 1343 638 1447 gi
665 1341 807 1442 datur,
829 1339 1044 1419 Herculem
1074 1335 1389 1449 repraesentabat,
1416 1333 1638 1449 AEsculapio
1667 1344 1705 1417 in
1728 1341 1919 1450 Apollinis

599 1449 747 1559 templo
769 1445 997 1529 consecrasse
1013 1451 1217 1560 Laphanes
1231 1447 1392 1527 dicatur.
1421 1446 1545 1528 Nulla
1562 1453 1603 1528 in
1621 1448 1784 1531 leelione
1797 1453 1918 1532 amisi-

598 1564 721 1659 ouitas
739 1560 793 1639 est
812 1598 819 1638 :
841 1587 959 1666 quare
988 1558 1131 1638 testimo
1158 1564 1199 1638 in
1219 1556 1368 1668 templo
1397 1557 1587 1670 Apollinis
1611 1559 1675 1638 hic
1695 1588 1916 1641 memorato

595 1646 776 1748 sacellum
792 1667 895 1749 fuisse
907 1670 1058 1777 filiiejus
1070 1667 1225 1751 AEscula
1253 1673 1290 1770 ii,
1304 1674 1433 1778 inquo
1451 1668 1633 1749 Herculis
1643 1669 1767 1749 statua
1774 1674 1917 1782 posita,

595 1779 722 1858 eidem
740 1776 961 1891 AEsculapio
984 1778 1205 1861 consecrata
1218 1697 1301 1859 sdit.
1327 1784 1385 1859 Sic
1408 1772 1518 1889 supra
1534 1806 1569 1890 p.
1595 1814 1624 1858 2.
1647 1785 1761 1891 Signa
1780 1784 1914 1863 Casto-

594 1894 643 1967 ris
663 1898 701 1969 ἃ
719 1891 910 1987 Pollucis,
933 1897 1121 1974 Mercurii
1138 1901 1177 1973 ὃ(
1193 1888 1376 1973 Herculis
1392 1919 1470 1968 uno
1488 1892 1528 1967 in
1546 1888 1697 1999 templo
1716 1893 1839 2001 posita
1858 1895 1913 1973 di-

594 2024 743 2080 cuntur.
1843 2070 1847 2077 .

647 2112 968 2189 Decima-nciam
981 2114 1020 2188 in
1039 2116 1168 2221 Sponii
1187 2115 1383 2189 itinerario
1403 2109 1545 2219 legitur
1564 2114 1613 2190 T.
1634 2139 1662 2211 3.
1683 2140 1719 2221 p.
1740 2118 1758 2189 8
1763 2142 1794 2212 3.

645 2222 935 2299 Decimo-nona
950 2220 1004 2299 est
1022 2224 1184 2299 civitatis
1204 2219 1398 2299 Abeatum
1425 2224 1465 2297 in
1487 2218 1635 2297 Achaia
1654 2227 1692 2297 in
1719 2221 1909 2305 honorem

590 2330 783 2408 Hadriani
805 2334 1051 2441 Imperatoris
1071 2367 1079 2408 :
1098 2330 1156 2409 lbi
1172 2334 1362 2437 Traianus
1379 2353 1496 2436 atque
1509 2333 1644 2409 Nerva
1656 2336 1913 2441 Imperatores

591 2439 853 2541 defunciiDei
865 2444 1531 2551 nuncupantur:memoraturetiam
1542 2445 1778 2550 epigramma
1788 2450 1826 2522 in
1838 2445 1908 2524 ho-

590 2578 725 2630 norem
745 2552 938 2630 Hadriani
956 2551 1005 2631 ab
1025 2550 1237 2631 Abeatibus
1255 2546 1507 2659 insculptum,
1526 2552 1630 2658 quod
1651 2554 1803 2633 excidit.

644 2664 845 2773 Vigelimae
863 2659 1114 2773 inscriptionis
1131 2660 1535 2771 deplorandasortuna
1551 2660 1615 2740 est.
1653 2666 1706 2742 Ea
1720 2670 1821 2743 enim
1837 2696 1902 2743 na-

590 2771 682 2849 valis
698 2801 833 2883 pugna
854 2801 876 2849 a
900 2775 1106 2881 Corcyre'is
1120 2765 1315 2873 commisse
1325 2774 1561 2851 mentionem
1581 2770 1726 2873 hahet,
1746 2773 1809 2851 uhi
1832 2774 1900 2852 ho-

588 2880 698 2959 stium
715 2912 829 2962 naves
848 2881 948 2963 hene
968 2884 1098 2961 multae
1113 2878 1315 2983 demerso,
1337 2882 1417 2959 aliar
1438 2908 1556 2991 capta
1572 2880 1734 2961 fuerant.
1769 2888 1902 2965 Ereela

590 3016 718 3071 antem
741 2992 811 3071 suit
833 2987 1026 3104 inscriptio
1045 2999 1082 3071 in
1101 2993 1291 3071 honorent
1309 2993 1510 3072 Navarchi
1531 2995 1818 3101 Corcyte'orum
1839 3027 1903 3073 cu-

588 3103 644 3208 jus
664 3132 808 3182 nomen
828 3106 980 3183 excidit.
1019 3108 1052 3183 ls
1081 3107 1119 3181 in
1147 3107 1310 3182 vicloriae
1335 3108 1497 3211 gratiam
1509 3102 1818 3220 pulcherrimum
1846 3106 1900 3183 lu-

588 3242 676 3290 cum
689 3214 860 3323 Apollini
873 3215 1142 3316 dedicaverat,
1157 3213 1385 3323 amplishmis
1402 3221 1440 3291 ὃ(
1458 3216 1531 3322 iple
1549 3213 1900 3295 honoribusaCor-

586 3324 708 3431 eyre'is
726 3351 942 3404 exornatus.
967 3328 1108 3425 Iniuria
1121 3330 1265 3435 pariter
1282 3351 1500 3433 temporum
1519 3324 1662 3403 excidit
1678 3353 1821 3405 nomen
1831 3356 1900 3438 po-

585 3433 665 3545 puli
680 3435 836 3541 quicum
857 3464 880 3513 a
901 3436 1106 3542 Corcyreis
1126 3460 1335 3546 pugnatum
1356 3434 1418 3513 est.

644 3545 978 3655 Vigesrmaffprima
996 3543 1187 3655 inscriptio
1199 3546 1399 3655 ahSponio
1409 3574 1444 3654 p.
1458 3552 1511 3623 82.
1523 3543 1658 3646 allata,
1675 3544 1900 3655 deJoviano

587 3659 827 3764 Imperatore
839 3662 937 3765 agit,
960 3663 1022 3764 qui
1036 3656 1111 3735 fide
1131 3664 1170 3734 in
1190 3656 1384 3735 Christum
1398 3650 1497 3732 cons
1514 3660 1617 3732 icuus
1629 3657 1774 3766 templa
1792 3660 1901 3735 Grac-

586 3795 719 3844 corum
741 3765 944 3873 expilant,
964 3777 1001 3846 oz
1021 3766 1175 3866 clausit,
1194 3765 1371 3845 sacrificia
1388 3685 1529 3843 sustulit
1548 3803 1556 3843 :
1575 3793 1700 3874 exque
1719 3767 1900 3846 delubro-

583 3906 668 3954 rum
688 3870 810 3984 spoliis·
831 3877 1019 3985 templum
1041 3906 1133 3955 vero
1156 3882 1301 3955 numini
1320 3881 1358 3952 in
1379 3878 1552 3984 Corcyra
1569 3876 1713 3955 struxit.

638 3986 855 4095 Vigesnna-
871 3983 1035 4065 secunda
1058 3986 1250 4097 inscriptio
1278 3986 1378 4064 male
1404 3984 1453 4064 ab
1474 3986 1695 4065 amanuensi
1711 3985 1899 4097 expressa,

583 4096 643 4175 vel
664 4103 702 4173 in
726 4094 803 4205 ipio
825 4125 1017 4177 marmore
1039 4103 1129 4175 vitia
1178 4095 1326 4175 raserre
1353 4095 1516 4176 videtur.
1552 4103 1598 4177 In
1622 4098 1767 4175 Graecis
1796 4104 1898 4176 erno

579 4206 740 4315 perinde
761 4233 877 4315 atque
897 4213 936 4285 in
958 4212 1098 4286 latinis
1116 4128 1251 4284 talnilis
1271 4208 1448 4316 imperite
1466 4236 1758 4315 nonnumquam
1777 4208 1904 4286 incili?

580 4316 735 4394 suerunt
751 4314 1031 4427 inscriptione5‚
1050 4318 1180 4425 quales
1201 4346 1278 4395 non
1292 4325 1429 4425 'paucas
1445 4314 1610 4427 superius
1629 4316 1828 4396 edidimus,
1852 4324 1899 4397 ln

579 4456 677 4507 voce
694 4431 843 4530 Kopqlo'n
866 4496 876 4527 ,
906 4429 1010 4535 quod
1037 4456 1180 4506 nomen
1204 4426 1305 4504 urhis
1325 4426 1385 4505 vel
1406 4427 1481 4506 loci
1500 4428 1554 4507 est
1569 4495 1580 4525 ,
1598 4423 1759 4533 suspicor·
1788 4455 1895 4505 erro.

579 4565 673 4616 rem.
699 4545 737 4616 N
745 4568 843 4647 eque
862 4565 991 4617 tamen
1010 4544 1176 4653 putarim
1197 4536 1267 4618 elle
1285 4535 1427 4637 Kophu'n
1447 4536 1551 4615 illam
1572 4536 1754 4641 Lybicam
1770 4582 1780 4633 3
1794 4535 1898 4616 secus

579 4654 681 4725 enim
708 4645 857 4741 suadet„
877 4649 937 4727 vel
956 4652 1030 4757 ipsu
1051 4655 1252 4727 marmoris
1267 4645 1394 4753 sedes3
1414 4676 1503 4727 nam
1522 4654 1562 4726 in
1583 4648 1758 4756 Corcyra
1777 4644 1896 4726 insula

576 4784 772 4868 repertum
794 4760 858 4838 ell.
