<?xml version="1.0" encoding="UTF-8"?>
<!DOCTYPE html PUBLIC "-//W3C//DTD XHTML 1.0 Transitional//EN"
    "http://www.w3.org/TR/xhtml1/DTD/xhtml1-transitional.dtd">
<html xmlns="http://www.w3.org/1999/xhtml" xml:lang="en" lang="en">
 <head>
  <title>
</title>
<meta http-equiv="Content-Type" content="text/html;charset=utf-8" />
  <meta name='ocr-system' content='tesseract 3.04.00' />
  <meta name='ocr-capabilities' content='ocr_page ocr_carea ocr_par ocr_line ocrx_word'/>
</head>
<body>
  <div class='ocr_page' id='page_1' title='image "./diariumitalicum00montgoog_0125.png"; bbox 0 0 4264 5684; ppageno 0'>
   <div class='ocr_carea' id='block_1_1' title="bbox 411 483 1266 585">
    <p class='ocr_par' dir='ltr' id='par_1_1' title="bbox 411 483 1266 585">
     <span class='ocr_line' id='line_1_1' title="bbox 411 483 1266 585; baseline 0 -5"><span class='ocrx_word' id='word_1_1' title='bbox 411 507 466 585; x_wconf 76' lang='lat' dir='ltr'>ao</span> <span class='ocrx_word' id='word_1_2' title='bbox 848 486 1029 583; x_wconf 80' lang='lat' dir='ltr'>Diarium</span> <span class='ocrx_word' id='word_1_3' title='bbox 1060 483 1266 583; x_wconf 56' lang='lat' dir='ltr'>Italicum*</span> 
     </span>
    </p>
   </div>
   <div class='ocr_carea' id='block_1_2' title="bbox 408 617 1710 4910">
    <p class='ocr_par' dir='ltr' id='par_1_2' title="bbox 408 617 1707 1880">
     <span class='ocr_line' id='line_1_2' title="bbox 408 617 1707 730; baseline -0.003 -30"><span class='ocrx_word' id='word_1_4' title='bbox 408 622 509 700; x_wconf 82' lang='lat' dir='ltr'>noris</span> <span class='ocrx_word' id='word_1_5' title='bbox 530 625 686 718; x_wconf 74' lang='lat' dir='ltr'>cineret,</span> <span class='ocrx_word' id='word_1_6' title='bbox 705 644 952 701; x_wconf 79' lang='lat' dir='ltr'>memoratum</span> <span class='ocrx_word' id='word_1_7' title='bbox 976 629 1013 700; x_wconf 90' lang='lat' dir='ltr'>in</span> <span class='ocrx_word' id='word_1_8' title='bbox 1033 621 1235 730; x_wconf 86' lang='lat' dir='ltr'>sepulcmm</span> <span class='ocrx_word' id='word_1_9' title='bbox 1255 618 1460 700; x_wconf 79' lang='lat' dir='ltr'>advexerat.</span> <span class='ocrx_word' id='word_1_10' title='bbox 1495 617 1707 723; x_wconf 82' lang='lat' dir='ltr'>Inscriptus-</span> 
     </span>
     <span class='ocr_line' id='line_1_3' title="bbox 409 725 1707 830; baseline -0.002 -25"><span class='ocrx_word' id='word_1_11' title='bbox 409 757 486 830; x_wconf 91' lang='lat' dir='ltr'>quc</span> <span class='ocrx_word' id='word_1_12' title='bbox 507 730 557 805; x_wconf 87' lang='lat' dir='ltr'>cst</span> <span class='ocrx_word' id='word_1_13' title='bbox 578 736 739 809; x_wconf 87' lang='lat' dir='ltr'>tumulus</span> <span class='ocrx_word' id='word_1_14' title='bbox 758 760 834 808; x_wconf 91' lang='lat' dir='ltr'>non</span> <span class='ocrx_word' id='word_1_15' title='bbox 854 763 875 807; x_wconf 82' lang='lat' dir='ltr'>a</span> <span class='ocrx_word' id='word_1_16' title='bbox 895 729 1019 809; x_wconf 88' lang='lat' dir='ltr'>fronte</span> <span class='ocrx_word' id='word_1_17' title='bbox 1040 730 1175 830; x_wconf 85' lang='lat' dir='ltr'>modo,</span> <span class='ocrx_word' id='word_1_18' title='bbox 1196 728 1257 806; x_wconf 90' lang='lat' dir='ltr'>scd</span> <span class='ocrx_word' id='word_1_19' title='bbox 1275 729 1295 805; x_wconf 61' lang='lat' dir='ltr'>{a</span> <span class='ocrx_word' id='word_1_20' title='bbox 1315 725 1457 803; x_wconf 82' lang='lat' dir='ltr'>duobus</span> <span class='ocrx_word' id='word_1_21' title='bbox 1479 731 1569 803; x_wconf 88' lang='lat' dir='ltr'>item</span> <span class='ocrx_word' id='word_1_22' title='bbox 1588 729 1707 803; x_wconf 81' lang='lat' dir='ltr'>lateri-</span> 
     </span>
     <span class='ocr_line' id='line_1_4' title="bbox 410 830 1680 946; baseline -0.002 -35"><span class='ocrx_word' id='word_1_23' title='bbox 410 834 500 936; x_wconf 88' lang='lat' dir='ltr'>bus,</span> <span class='ocrx_word' id='word_1_24' title='bbox 516 864 584 916; x_wconf 87' lang='lat' dir='ltr'>nec</span> <span class='ocrx_word' id='word_1_25' title='bbox 608 840 677 915; x_wconf 87' lang='lat' dir='ltr'>linc</span> <span class='ocrx_word' id='word_1_26' title='bbox 697 839 821 917; x_wconf 86' lang='lat' dir='ltr'>labore</span> <span class='ocrx_word' id='word_1_27' title='bbox 839 842 983 946; x_wconf 84' lang='lat' dir='ltr'>legitur.</span> <span class='ocrx_word' id='word_1_28' title='bbox 1011 840 1073 918; x_wconf 87' lang='lat' dir='ltr'>Ab</span> <span class='ocrx_word' id='word_1_29' title='bbox 1091 840 1166 914; x_wconf 88' lang='lat' dir='ltr'>alio</span> <span class='ocrx_word' id='word_1_30' title='bbox 1186 843 1296 914; x_wconf 86' lang='lat' dir='ltr'>latete</span> <span class='ocrx_word' id='word_1_31' title='bbox 1318 836 1396 912; x_wconf 84' lang='lat' dir='ltr'>hac</span> <span class='ocrx_word' id='word_1_32' title='bbox 1415 830 1554 940; x_wconf 88' lang='lat' dir='ltr'>sculpta</span> <span class='ocrx_word' id='word_1_33' title='bbox 1574 831 1680 932; x_wconf 84' lang='lat' dir='ltr'>sunt,</span> 
     </span>
     <span class='ocr_line' id='line_1_5' title="bbox 573 942 1421 1055; baseline -0.005 -31"><span class='ocrx_word' id='word_1_34' title='bbox 573 954 747 1025; x_wconf 58' lang='lat' dir='ltr'>{lovari</span> <span class='ocrx_word' id='word_1_35' title='bbox 768 949 922 1025; x_wconf 61' lang='lat' dir='ltr'>raditum·</span> <span class='ocrx_word' id='word_1_36' title='bbox 940 951 1088 1037; x_wconf 81' lang='lat' dir='ltr'>militis,</span> <span class='ocrx_word' id='word_1_37' title='bbox 1092 946 1228 1055; x_wconf 78' lang='lat' dir='ltr'>judicis</span> <span class='ocrx_word' id='word_1_38' title='bbox 1249 942 1291 1029; x_wconf 59' lang='grc' dir='ltr'><em>ἀ</em></span> <span class='ocrx_word' id='word_1_39' title='bbox 1306 966 1421 1053; x_wconf 72' lang='lat' dir='ltr'>poete.</span> 
     </span>
     <span class='ocr_line' id='line_1_6' title="bbox 461 1047 1635 1157; baseline -0.007 -24"><span class='ocrx_word' id='word_1_40' title='bbox 461 1049 507 1132; x_wconf 85' lang='lat' dir='ltr'>ln</span> <span class='ocrx_word' id='word_1_41' title='bbox 529 1049 651 1133; x_wconf 79' lang='lat' dir='ltr'>fronte</span> <span class='ocrx_word' id='word_1_42' title='bbox 668 1054 740 1157; x_wconf 66' lang='lat' dir='ltr'>qui</span> <span class='ocrx_word' id='word_1_43' title='bbox 760 1055 885 1132; x_wconf 84' lang='lat' dir='ltr'>vicum</span> <span class='ocrx_word' id='word_1_44' title='bbox 906 1059 1068 1131; x_wconf 83' lang='lat' dir='ltr'>tumulus</span> <span class='ocrx_word' id='word_1_45' title='bbox 1090 1051 1234 1154; x_wconf 81' lang='lat' dir='ltr'>respicit</span> <span class='ocrx_word' id='word_1_46' title='bbox 1252 1051 1330 1126; x_wconf 84' lang='lat' dir='ltr'>haec</span> <span class='ocrx_word' id='word_1_47' title='bbox 1351 1048 1510 1124; x_wconf 88' lang='lat' dir='ltr'>carmina</span> <span class='ocrx_word' id='word_1_48' title='bbox 1529 1047 1635 1126; x_wconf 84' lang='lat' dir='ltr'>sunt:</span> 
     </span>
     <span class='ocr_line' id='line_1_7' title="bbox 571 1157 1417 1259; baseline -0.009 -18"><span class='ocrx_word' id='word_1_49' title='bbox 571 1177 667 1241; x_wconf 79' lang='lat' dir='ltr'>Mers</span> <span class='ocrx_word' id='word_1_50' title='bbox 686 1170 803 1240; x_wconf 73' lang='lat' dir='ltr'>mortis</span> <span class='ocrx_word' id='word_1_51' title='bbox 823 1168 924 1242; x_wconf 77' lang='lat' dir='ltr'>morti</span> <span class='ocrx_word' id='word_1_52' title='bbox 945 1183 1083 1239; x_wconf 71' lang='lat' dir='ltr'>mortun</span> <span class='ocrx_word' id='word_1_53' title='bbox 1098 1162 1140 1259; x_wconf 85' lang='lat' dir='ltr'><em>st</em></span> <span class='ocrx_word' id='word_1_54' title='bbox 1153 1180 1256 1236; x_wconf 67' lang='lat' dir='ltr'>morae</span> <span class='ocrx_word' id='word_1_55' title='bbox 1277 1157 1354 1233; x_wconf 79' lang='lat' dir='ltr'>dedi</span> <span class='ocrx_word' id='word_1_56' title='bbox 1383 1180 1417 1233; x_wconf 80' lang='lat' dir='ltr'>ct</span> 
     </span>
     <span class='ocr_line' id='line_1_8' title="bbox 570 1261 1428 1375; baseline -0.006 -32"><span class='ocrx_word' id='word_1_57' title='bbox 570 1268 739 1375; x_wconf 78' lang='lat' dir='ltr'>Hicforct</span> <span class='ocrx_word' id='word_1_58' title='bbox 754 1276 795 1344; x_wconf 86' lang='lat' dir='ltr'>in</span> <span class='ocrx_word' id='word_1_59' title='bbox 816 1274 938 1355; x_wconf 81' lang='lat' dir='ltr'>terris,</span> <span class='ocrx_word' id='word_1_60' title='bbox 954 1289 1012 1340; x_wconf 80' lang='lat' dir='ltr'>aut</span> <span class='ocrx_word' id='word_1_61' title='bbox 1029 1274 1161 1372; x_wconf 75' lang='lat' dir='ltr'>integer</span> <span class='ocrx_word' id='word_1_62' title='bbox 1175 1269 1257 1369; x_wconf 73' lang='lat' dir='ltr'>astra</span> <span class='ocrx_word' id='word_1_63' title='bbox 1270 1261 1405 1374; x_wconf 79' lang='lat' dir='ltr'>petiffct</span> <span class='ocrx_word' id='word_1_64' title='bbox 1414 1315 1428 1353; x_wconf 90' lang='lat'><em>,</em></span> 
     </span>
     <span class='ocr_line' id='line_1_9' title="bbox 571 1372 1359 1479; baseline -0.004 -30"><span class='ocrx_word' id='word_1_65' title='bbox 571 1378 643 1449; x_wconf 83' lang='lat' dir='ltr'>Sed</span> <span class='ocrx_word' id='word_1_66' title='bbox 655 1384 738 1479; x_wconf 84' lang='lat' dir='ltr'>quia</span> <span class='ocrx_word' id='word_1_67' title='bbox 754 1376 895 1477; x_wconf 75' lang='lat' dir='ltr'>dtffllvi</span> <span class='ocrx_word' id='word_1_68' title='bbox 905 1375 1026 1479; x_wconf 69' lang='lat' dir='ltr'>ficerat</span> <span class='ocrx_word' id='word_1_69' title='bbox 1041 1374 1095 1472; x_wconf 81' lang='lat' dir='ltr'>stc</span> <span class='ocrx_word' id='word_1_70' title='bbox 1109 1377 1225 1451; x_wconf 56' lang='lat' dir='ltr'>trulla</span> <span class='ocrx_word' id='word_1_71' title='bbox 1239 1372 1359 1471; x_wconf 76' lang='lat' dir='ltr'>nccrffe</span> 
     </span>
     <span class='ocr_line' id='line_1_10' title="bbox 572 1475 1652 1592; baseline 0.004 -39"><span class='ocrx_word' id='word_1_72' title='bbox 572 1481 648 1580; x_wconf 70' lang='lat' dir='ltr'>offis</span> <span class='ocrx_word' id='word_1_73' title='bbox 669 1485 891 1588; x_wconf 70' lang='lat' dir='ltr'>tenetſstxum</span> <span class='ocrx_word' id='word_1_74' title='bbox 904 1486 1040 1592; x_wconf 79' lang='lat' dir='ltr'>proprio</span> <span class='ocrx_word' id='word_1_75' title='bbox 1058 1506 1150 1558; x_wconf 79' lang='lat' dir='ltr'>mens</span> <span class='ocrx_word' id='word_1_76' title='bbox 1161 1475 1411 1587; x_wconf 59' lang='lat' dir='ltr'>gaudetineffi</span> <span class='ocrx_word' id='word_1_77' title='bbox 1435 1489 1474 1555; x_wconf 87' lang='lat' dir='ltr'>V.</span> <span class='ocrx_word' id='word_1_78' title='bbox 1492 1489 1537 1556; x_wconf 82' lang='lat' dir='ltr'>A.</span> <span class='ocrx_word' id='word_1_79' title='bbox 1559 1478 1652 1578; x_wconf 86' lang='lat' dir='ltr'>(hc)</span> 
     </span>
     <span class='ocr_line' id='line_1_11' title="bbox 462 1578 931 1696; baseline 0.011 -33"><span class='ocrx_word' id='word_1_80' title='bbox 462 1578 528 1663; x_wconf 78' lang='lat' dir='ltr'>Ab</span> <span class='ocrx_word' id='word_1_81' title='bbox 548 1589 622 1663; x_wconf 85' lang='lat' dir='ltr'>alio</span> <span class='ocrx_word' id='word_1_82' title='bbox 643 1589 755 1665; x_wconf 87' lang='lat' dir='ltr'>latere</span> <span class='ocrx_word' id='word_1_83' title='bbox 777 1590 931 1696; x_wconf 79' lang='lat' dir='ltr'>legitur:</span> 
     </span>
     <span class='ocr_line' id='line_1_12' title="bbox 571 1693 1407 1804; baseline -0.001 -32"><span class='ocrx_word' id='word_1_84' title='bbox 571 1693 666 1772; x_wconf 82' lang='lat' dir='ltr'>obiit</span> <span class='ocrx_word' id='word_1_85' title='bbox 685 1724 771 1775; x_wconf 78' lang='lat' dir='ltr'>anno</span> <span class='ocrx_word' id='word_1_86' title='bbox 793 1717 865 1773; x_wconf 80' lang='lat' dir='ltr'>nat.</span> <span class='ocrx_word' id='word_1_87' title='bbox 882 1696 947 1782; x_wconf 58' lang='grc' dir='ltr'>Χῖ.</span> <span class='ocrx_word' id='word_1_88' title='bbox 968 1721 1012 1773; x_wconf 76' lang='lat' dir='ltr'>ir.</span> <span class='ocrx_word' id='word_1_89' title='bbox 1029 1722 1129 1775; x_wconf 90' lang='lat' dir='ltr'>ccc.</span> <span class='ocrx_word' id='word_1_90' title='bbox 1148 1719 1252 1780; x_wconf 79' lang='lat' dir='ltr'>nono,</span> <span class='ocrx_word' id='word_1_91' title='bbox 1258 1694 1407 1804; x_wconf 79' lang='lat' dir='ltr'>septimo</span> 
     </span>
     <span class='ocr_line' id='line_1_13' title="bbox 573 1802 962 1880; baseline 0.008 -3"><span class='ocrx_word' id='word_1_92' title='bbox 573 1802 629 1877; x_wconf 65' lang='lat' dir='ltr'>dfe</span> <span class='ocrx_word' id='word_1_93' title='bbox 652 1809 800 1879; x_wconf 75' lang='lat' dir='ltr'><em>intrante</em></span> <span class='ocrx_word' id='word_1_94' title='bbox 826 1809 962 1880; x_wconf 72' lang='lat' dir='ltr'>Martio.</span> 
     </span>
    </p>

    <p class='ocr_par' dir='ltr' id='par_1_3' title="bbox 411 1904 1709 2200">
     <span class='ocr_line' id='line_1_14' title="bbox 463 1904 1708 2014; baseline -0.002 -30"><span class='ocrx_word' id='word_1_95' title='bbox 463 1906 613 1985; x_wconf 83' lang='lat' dir='ltr'>Litterae</span> <span class='ocrx_word' id='word_1_96' title='bbox 634 1926 674 1985; x_wconf 87' lang='lat' dir='ltr'>V.</span> <span class='ocrx_word' id='word_1_97' title='bbox 690 1922 737 1988; x_wconf 83' lang='lat' dir='ltr'>A.</span> <span class='ocrx_word' id='word_1_98' title='bbox 765 1938 846 2014; x_wconf 82' lang='lat' dir='ltr'>quat</span> <span class='ocrx_word' id='word_1_99' title='bbox 872 1910 910 1984; x_wconf 92' lang='lat' dir='ltr'>in</span> <span class='ocrx_word' id='word_1_100' title='bbox 938 1908 1009 1985; x_wconf 87' lang='lat' dir='ltr'>fine</span> <span class='ocrx_word' id='word_1_101' title='bbox 1034 1906 1196 1986; x_wconf 79' lang='lat' dir='ltr'>secunda</span> <span class='ocrx_word' id='word_1_102' title='bbox 1216 1905 1460 2011; x_wconf 78' lang='lat' dir='ltr'>inscriptionis</span> <span class='ocrx_word' id='word_1_103' title='bbox 1484 1909 1642 2004; x_wconf 75' lang='lat' dir='ltr'>exstant,</span> <span class='ocrx_word' id='word_1_104' title='bbox 1666 1904 1708 1982; x_wconf 85' lang='lat' dir='ltr'>st-</span> 
     </span>
     <span class='ocr_line' id='line_1_15' title="bbox 411 2011 1709 2121; baseline 0.002 -32"><span class='ocrx_word' id='word_1_105' title='bbox 411 2014 607 2121; x_wconf 81' lang='lat' dir='ltr'>guilicant‚</span> <span class='ocrx_word' id='word_1_106' title='bbox 624 2023 725 2092; x_wconf 82' lang='lat' dir='ltr'>vixit</span> <span class='ocrx_word' id='word_1_107' title='bbox 739 2024 909 2095; x_wconf 80' lang='lat' dir='ltr'>anniss&amp;</span> <span class='ocrx_word' id='word_1_108' title='bbox 929 2019 1014 2118; x_wconf 90' lang='lat' dir='ltr'>quia</span> <span class='ocrx_word' id='word_1_109' title='bbox 1033 2019 1069 2093; x_wconf 88' lang='lat' dir='ltr'>iu</span> <span class='ocrx_word' id='word_1_110' title='bbox 1087 2043 1251 2092; x_wconf 86' lang='lat' dir='ltr'>extremo</span> <span class='ocrx_word' id='word_1_111' title='bbox 1268 2017 1340 2092; x_wconf 87' lang='lat' dir='ltr'>srtac</span> <span class='ocrx_word' id='word_1_112' title='bbox 1362 2011 1466 2109; x_wconf 89' lang='lat' dir='ltr'>sunt,</span> <span class='ocrx_word' id='word_1_113' title='bbox 1488 2012 1610 2093; x_wconf 86' lang='lat' dir='ltr'>defuit</span> <span class='ocrx_word' id='word_1_114' title='bbox 1631 2016 1709 2120; x_wconf 85' lang='lat' dir='ltr'>spa·</span> 
     </span>
     <span class='ocr_line' id='line_1_16' title="bbox 411 2121 956 2200; baseline 0.002 -5"><span class='ocrx_word' id='word_1_115' title='bbox 411 2124 505 2198; x_wconf 89' lang='lat' dir='ltr'>tium</span> <span class='ocrx_word' id='word_1_116' title='bbox 526 2121 706 2198; x_wconf 87' lang='lat' dir='ltr'>scribendi</span> <span class='ocrx_word' id='word_1_117' title='bbox 729 2150 841 2199; x_wconf 90' lang='lat' dir='ltr'>annos</span> <span class='ocrx_word' id='word_1_118' title='bbox 861 2126 956 2200; x_wconf 81' lang='lat' dir='ltr'>vitae.</span> 
     </span>
    </p>

    <p class='ocr_par' dir='ltr' id='par_1_4' title="bbox 411 2226 1709 3511">
     <span class='ocr_line' id='line_1_17' title="bbox 466 2226 1707 2337; baseline 0.002 -34"><span class='ocrx_word' id='word_1_119' title='bbox 466 2226 628 2334; x_wconf 79' lang='lat' dir='ltr'>Regressi</span> <span class='ocrx_word' id='word_1_120' title='bbox 655 2233 861 2322; x_wconf 72' lang='lat' dir='ltr'>Venetiae,</span> <span class='ocrx_word' id='word_1_121' title='bbox 886 2231 1065 2335; x_wconf 71' lang='lat' dir='ltr'>trigehml</span> <span class='ocrx_word' id='word_1_122' title='bbox 1094 2229 1248 2337; x_wconf 81' lang='lat' dir='ltr'>Augusti</span> <span class='ocrx_word' id='word_1_123' title='bbox 1276 2230 1449 2307; x_wconf 85' lang='lat' dir='ltr'>solvimus</span> <span class='ocrx_word' id='word_1_124' title='bbox 1471 2233 1707 2307; x_wconf 83' lang='lat' dir='ltr'>Ravennam:</span> 
     </span>
     <span class='ocr_line' id='line_1_18' title="bbox 412 2334 1709 2438; baseline 0.002 -30"><span class='ocrx_word' id='word_1_125' title='bbox 412 2334 658 2438; x_wconf 82' lang='lat' dir='ltr'>postridieque</span> <span class='ocrx_word' id='word_1_126' title='bbox 683 2334 774 2412; x_wconf 81' lang='lat' dir='ltr'>savo</span> <span class='ocrx_word' id='word_1_127' title='bbox 795 2335 1005 2423; x_wconf 82' lang='lat' dir='ltr'>&amp;adverso</span> <span class='ocrx_word' id='word_1_128' title='bbox 1028 2338 1178 2413; x_wconf 81' lang='lat' dir='ltr'>reflante</span> <span class='ocrx_word' id='word_1_129' title='bbox 1198 2366 1321 2433; x_wconf 82' lang='lat' dir='ltr'>vento,</span> <span class='ocrx_word' id='word_1_130' title='bbox 1334 2342 1371 2412; x_wconf 89' lang='lat' dir='ltr'>iu</span> <span class='ocrx_word' id='word_1_131' title='bbox 1392 2339 1557 2412; x_wconf 78' lang='lat' dir='ltr'>canalem</span> <span class='ocrx_word' id='word_1_132' title='bbox 1578 2364 1709 2437; x_wconf 87' lang='lat' dir='ltr'>quem-</span> 
     </span>
     <span class='ocr_line' id='line_1_19' title="bbox 414 2440 1708 2550; baseline 0.002 -35"><span class='ocrx_word' id='word_1_133' title='bbox 414 2442 501 2515; x_wconf 86' lang='lat' dir='ltr'>dam</span> <span class='ocrx_word' id='word_1_134' title='bbox 527 2440 763 2540; x_wconf 82' lang='lat' dir='ltr'>derivamus,</span> <span class='ocrx_word' id='word_1_135' title='bbox 798 2442 1041 2545; x_wconf 84' lang='lat' dir='ltr'>exscensuquc</span> <span class='ocrx_word' id='word_1_136' title='bbox 1068 2440 1163 2521; x_wconf 69' lang='lat' dir='ltr'>facio</span> <span class='ocrx_word' id='word_1_137' title='bbox 1193 2443 1413 2550; x_wconf 89' lang='lat' dir='ltr'>Pomposarn</span> <span class='ocrx_word' id='word_1_138' title='bbox 1443 2446 1708 2519; x_wconf 86' lang='lat' dir='ltr'>Monallerium</span> 
     </span>
     <span class='ocr_line' id='line_1_20' title="bbox 413 2549 1707 2658; baseline 0 -35"><span class='ocrx_word' id='word_1_139' title='bbox 413 2551 504 2623; x_wconf 93' lang='lat' dir='ltr'>olim</span> <span class='ocrx_word' id='word_1_140' title='bbox 523 2552 750 2652; x_wconf 81' lang='lat' dir='ltr'>peramplum</span> <span class='ocrx_word' id='word_1_141' title='bbox 781 2550 1052 2654; x_wconf 67' lang='lat' dir='ltr'>funditorisquc</span> <span class='ocrx_word' id='word_1_142' title='bbox 1074 2549 1172 2627; x_wconf 82' lang='lat' dir='ltr'>fama</span> <span class='ocrx_word' id='word_1_143' title='bbox 1197 2552 1408 2658; x_wconf 78' lang='lat' dir='ltr'>insignitum</span> <span class='ocrx_word' id='word_1_144' title='bbox 1429 2549 1611 2634; x_wconf 69' lang='lat' dir='ltr'>vidimuS,</span> <span class='ocrx_word' id='word_1_145' title='bbox 1634 2551 1707 2647; x_wconf 82' lang='lat' dir='ltr'>jam</span> 
     </span>
     <span class='ocr_line' id='line_1_21' title="bbox 412 2654 1706 2761; baseline -0.001 -31"><span class='ocrx_word' id='word_1_146' title='bbox 412 2654 608 2730; x_wconf 84' lang='lat' dir='ltr'>desertum.</span> <span class='ocrx_word' id='word_1_147' title='bbox 644 2656 687 2732; x_wconf 89' lang='lat' dir='ltr'>ld</span> <span class='ocrx_word' id='word_1_148' title='bbox 707 2656 903 2736; x_wconf 87' lang='lat' dir='ltr'>undecimo</span> <span class='ocrx_word' id='word_1_149' title='bbox 925 2656 1080 2753; x_wconf 79' lang='lat' dir='ltr'>saeculo,</span> <span class='ocrx_word' id='word_1_150' title='bbox 1104 2657 1286 2734; x_wconf 87' lang='lat' dir='ltr'>Guidonis</span> <span class='ocrx_word' id='word_1_151' title='bbox 1307 2660 1465 2736; x_wconf 80' lang='lat' dir='ltr'>Abbatis</span> <span class='ocrx_word' id='word_1_152' title='bbox 1483 2685 1605 2761; x_wconf 82' lang='lat' dir='ltr'>opera,</span> <span class='ocrx_word' id='word_1_153' title='bbox 1621 2683 1706 2729; x_wconf 89' lang='lat' dir='ltr'>cum</span> 
     </span>
     <span class='ocr_line' id='line_1_22' title="bbox 411 2760 1707 2870; baseline -0.001 -35"><span class='ocrx_word' id='word_1_154' title='bbox 411 2764 539 2867; x_wconf 87' lang='lat' dir='ltr'>primis</span> <span class='ocrx_word' id='word_1_155' title='bbox 568 2760 872 2865; x_wconf 82' lang='lat' dir='ltr'>frequentatum,</span> <span class='ocrx_word' id='word_1_156' title='bbox 898 2766 976 2870; x_wconf 84' lang='lat' dir='ltr'>pbst</span> <span class='ocrx_word' id='word_1_157' title='bbox 1004 2760 1145 2842; x_wconf 78' lang='lat' dir='ltr'>accessu</span> <span class='ocrx_word' id='word_1_158' title='bbox 1176 2768 1383 2870; x_wconf 78' lang='lat' dir='ltr'>principum</span> <span class='ocrx_word' id='word_1_159' title='bbox 1417 2779 1455 2844; x_wconf 71' lang='lat' dir='ltr'>bc</span> <span class='ocrx_word' id='word_1_160' title='bbox 1482 2788 1707 2869; x_wconf 81' lang='lat' dir='ltr'>magnatum,</span> 
     </span>
     <span class='ocr_line' id='line_1_23' title="bbox 413 2868 1708 2977; baseline -0.002 -32"><span class='ocrx_word' id='word_1_161' title='bbox 413 2872 479 2974; x_wconf 91' lang='lat' dir='ltr'>qui</span> <span class='ocrx_word' id='word_1_162' title='bbox 497 2868 574 2945; x_wconf 87' lang='lat' dir='ltr'>istic</span> <span class='ocrx_word' id='word_1_163' title='bbox 596 2874 759 2949; x_wconf 82' lang='lat' dir='ltr'>ascetica:</span> <span class='ocrx_word' id='word_1_164' title='bbox 771 2877 856 2950; x_wconf 78' lang='lat' dir='ltr'>vira</span> <span class='ocrx_word' id='word_1_165' title='bbox 873 2875 1052 2977; x_wconf 79' lang='lat' dir='ltr'>tyrocinia</span> <span class='ocrx_word' id='word_1_166' title='bbox 1066 2872 1239 2948; x_wconf 86' lang='lat' dir='ltr'>Guidonc</span> <span class='ocrx_word' id='word_1_167' title='bbox 1252 2878 1417 2976; x_wconf 80' lang='lat' dir='ltr'>magistro</span> <span class='ocrx_word' id='word_1_168' title='bbox 1432 2872 1595 2974; x_wconf 82' lang='lat' dir='ltr'>posuere,</span> <span class='ocrx_word' id='word_1_169' title='bbox 1608 2896 1708 2972; x_wconf 79' lang='lat' dir='ltr'>cgrc-</span> 
     </span>
     <span class='ocr_line' id='line_1_24' title="bbox 411 2973 1708 3084; baseline 0 -35"><span class='ocrx_word' id='word_1_170' title='bbox 411 2973 473 3084; x_wconf 70' lang='lat' dir='ltr'>gie</span> <span class='ocrx_word' id='word_1_171' title='bbox 495 2979 727 3055; x_wconf 87' lang='lat' dir='ltr'>nobilitatum</span> <span class='ocrx_word' id='word_1_172' title='bbox 746 2980 805 3056; x_wconf 85' lang='lat' dir='ltr'>cst.</span> <span class='ocrx_word' id='word_1_173' title='bbox 838 2983 962 3081; x_wconf 81' lang='lat' dir='ltr'>Hujus</span> <span class='ocrx_word' id='word_1_174' title='bbox 990 2976 1176 3056; x_wconf 79' lang='lat' dir='ltr'>Guidonis</span> <span class='ocrx_word' id='word_1_175' title='bbox 1195 2982 1334 3053; x_wconf 88' lang='lat' dir='ltr'>mentio</span> <span class='ocrx_word' id='word_1_176' title='bbox 1350 2980 1503 3055; x_wconf 79' lang='lat' dir='ltr'>habetur</span> <span class='ocrx_word' id='word_1_177' title='bbox 1521 2980 1556 3051; x_wconf 93' lang='lat' dir='ltr'>in</span> <span class='ocrx_word' id='word_1_178' title='bbox 1576 2976 1708 3053; x_wconf 80' lang='lat' dir='ltr'>Prafa-</span> 
     </span>
     <span class='ocr_line' id='line_1_25' title="bbox 414 3084 1709 3187; baseline -0.004 -26"><span class='ocrx_word' id='word_1_179' title='bbox 414 3087 518 3161; x_wconf 84' lang='lat' dir='ltr'>tione</span> <span class='ocrx_word' id='word_1_180' title='bbox 539 3116 574 3163; x_wconf 87' lang='lat' dir='ltr'>v.</span> <span class='ocrx_word' id='word_1_181' title='bbox 598 3089 643 3161; x_wconf 91' lang='lat' dir='ltr'>cl.</span> <span class='ocrx_word' id='word_1_182' title='bbox 663 3088 872 3162; x_wconf 83' lang='lat' dir='ltr'>Mabillonii</span> <span class='ocrx_word' id='word_1_183' title='bbox 894 3085 940 3160; x_wconf 90' lang='lat' dir='ltr'>ad</span> <span class='ocrx_word' id='word_1_184' title='bbox 960 3086 1075 3163; x_wconf 81' lang='lat' dir='ltr'>saculi</span> <span class='ocrx_word' id='word_1_185' title='bbox 1097 3088 1185 3163; x_wconf 82' lang='lat' dir='ltr'>sexti</span> <span class='ocrx_word' id='word_1_186' title='bbox 1210 3084 1433 3165; x_wconf 70' lang='lat' dir='ltr'>Benediclini</span> <span class='ocrx_word' id='word_1_187' title='bbox 1455 3110 1593 3187; x_wconf 87' lang='lat' dir='ltr'>partem</span> <span class='ocrx_word' id='word_1_188' title='bbox 1611 3086 1709 3184; x_wconf 88' lang='lat' dir='ltr'>prio-</span> 
     </span>
     <span class='ocr_line' id='line_1_26' title="bbox 414 3191 1707 3293; baseline -0.002 -27"><span class='ocrx_word' id='word_1_189' title='bbox 414 3217 504 3266; x_wconf 77' lang='lat' dir='ltr'>rem·</span> <span class='ocrx_word' id='word_1_190' title='bbox 541 3195 627 3293; x_wconf 81' lang='lat' dir='ltr'>Ejus</span> <span class='ocrx_word' id='word_1_191' title='bbox 647 3193 772 3269; x_wconf 80' lang='lat' dir='ltr'>obitus</span> <span class='ocrx_word' id='word_1_192' title='bbox 790 3198 826 3269; x_wconf 90' lang='lat' dir='ltr'>in</span> <span class='ocrx_word' id='word_1_193' title='bbox 846 3221 982 3268; x_wconf 89' lang='lat' dir='ltr'>aunum</span> <span class='ocrx_word' id='word_1_194' title='bbox 1000 3191 1098 3267; x_wconf 84' lang='lat' dir='ltr'>cadit</span> <span class='ocrx_word' id='word_1_195' title='bbox 1119 3211 1222 3289; x_wconf 83' lang='lat'>1046.</span> <span class='ocrx_word' id='word_1_196' title='bbox 1248 3192 1371 3267; x_wconf 78' lang='lat' dir='ltr'>Fertur</span> <span class='ocrx_word' id='word_1_197' title='bbox 1387 3219 1511 3267; x_wconf 85' lang='lat' dir='ltr'>aurem</span> <span class='ocrx_word' id='word_1_198' title='bbox 1530 3193 1565 3265; x_wconf 92' lang='lat' dir='ltr'>in</span> <span class='ocrx_word' id='word_1_199' title='bbox 1584 3191 1707 3293; x_wconf 84' lang='lat' dir='ltr'>primis</span> 
     </span>
     <span class='ocr_line' id='line_1_27' title="bbox 415 3297 1707 3411; baseline -0.001 -39"><span class='ocrx_word' id='word_1_200' title='bbox 415 3301 481 3400; x_wconf 91' lang='lat' dir='ltr'>qui</span> <span class='ocrx_word' id='word_1_201' title='bbox 497 3297 734 3404; x_wconf 84' lang='lat' dir='ltr'>spontaneam</span> <span class='ocrx_word' id='word_1_202' title='bbox 752 3302 1035 3411; x_wconf 83' lang='lat' dir='ltr'>flagellationem</span> <span class='ocrx_word' id='word_1_203' title='bbox 1055 3301 1292 3394; x_wconf 81' lang='lat' dir='ltr'>invexerunt,</span> <span class='ocrx_word' id='word_1_204' title='bbox 1317 3297 1463 3403; x_wconf 67' lang='lat' dir='ltr'>ejusque</span> <span class='ocrx_word' id='word_1_205' title='bbox 1483 3303 1560 3374; x_wconf 85' lang='lat' dir='ltr'>vita</span> <span class='ocrx_word' id='word_1_206' title='bbox 1578 3299 1707 3404; x_wconf 83' lang='lat' dir='ltr'>legitur</span> 
     </span>
     <span class='ocr_line' id='line_1_28' title="bbox 415 3404 668 3511; baseline 0.02 -30"><span class='ocrx_word' id='word_1_207' title='bbox 415 3404 507 3483; x_wconf 89' lang='lat' dir='ltr'>ibid.</span> <span class='ocrx_word' id='word_1_208' title='bbox 531 3435 564 3511; x_wconf 94' lang='lat' dir='ltr'>p.</span> <span class='ocrx_word' id='word_1_209' title='bbox 587 3438 668 3508; x_wconf 78' lang='lat'>509.</span> 
     </span>
    </p>

    <p class='ocr_par' dir='ltr' id='par_1_5' title="bbox 417 3511 1710 4792">
     <span class='ocr_line' id='line_1_29' title="bbox 469 3511 1710 3616; baseline -0.003 -28"><span class='ocrx_word' id='word_1_210' title='bbox 469 3514 545 3591; x_wconf 81' lang='lat' dir='ltr'>Sub</span> <span class='ocrx_word' id='word_1_211' title='bbox 565 3514 644 3593; x_wconf 83' lang='lat' dir='ltr'>haec</span> <span class='ocrx_word' id='word_1_212' title='bbox 663 3580 672 3613; x_wconf 85' lang='lat'>,</span> <span class='ocrx_word' id='word_1_213' title='bbox 693 3515 825 3592; x_wconf 89' lang='lat' dir='ltr'>eodem</span> <span class='ocrx_word' id='word_1_214' title='bbox 844 3522 932 3595; x_wconf 88' lang='lat' dir='ltr'>item</span> <span class='ocrx_word' id='word_1_215' title='bbox 952 3519 1081 3596; x_wconf 81' lang='lat' dir='ltr'>saculo</span> <span class='ocrx_word' id='word_1_216' title='bbox 1100 3578 1111 3610; x_wconf 90' lang='lat'>,</span> <span class='ocrx_word' id='word_1_217' title='bbox 1140 3541 1287 3591; x_wconf 85' lang='lat' dir='ltr'>curante</span> <span class='ocrx_word' id='word_1_218' title='bbox 1301 3519 1531 3616; x_wconf 79' lang='lat' dir='ltr'>Hieronymo</span> <span class='ocrx_word' id='word_1_219' title='bbox 1547 3511 1710 3606; x_wconf 76' lang='lat' dir='ltr'>Abbate,</span> 
     </span>
     <span class='ocr_line' id='line_1_30' title="bbox 418 3617 1707 3721; baseline -0.002 -27"><span class='ocrx_word' id='word_1_220' title='bbox 418 3621 607 3700; x_wconf 82' lang='lat' dir='ltr'>codicibus</span> <span class='ocrx_word' id='word_1_221' title='bbox 629 3624 721 3702; x_wconf 86' lang='lat' dir='ltr'>benc</span> <span class='ocrx_word' id='word_1_222' title='bbox 739 3628 865 3700; x_wconf 90' lang='lat' dir='ltr'>multis</span> <span class='ocrx_word' id='word_1_223' title='bbox 889 3629 1093 3703; x_wconf 63' lang='lat' dir='ltr'>insttullum</span> <span class='ocrx_word' id='word_1_224' title='bbox 1114 3617 1204 3707; x_wconf 84' lang='lat' dir='ltr'>fuit;</span> <span class='ocrx_word' id='word_1_225' title='bbox 1218 3623 1308 3698; x_wconf 80' lang='lat' dir='ltr'>adeo</span> <span class='ocrx_word' id='word_1_226' title='bbox 1327 3647 1367 3696; x_wconf 91' lang='lat' dir='ltr'>ut</span> <span class='ocrx_word' id='word_1_227' title='bbox 1385 3626 1462 3695; x_wconf 80' lang='lat' dir='ltr'>aliis</span> <span class='ocrx_word' id='word_1_228' title='bbox 1482 3647 1544 3721; x_wconf 88' lang='lat' dir='ltr'>pcr</span> <span class='ocrx_word' id='word_1_229' title='bbox 1559 3620 1707 3694; x_wconf 84' lang='lat' dir='ltr'>ltaliam</span> 
     </span>
     <span class='ocr_line' id='line_1_31' title="bbox 417 3728 1710 3837; baseline -0.006 -29"><span class='ocrx_word' id='word_1_230' title='bbox 417 3729 686 3830; x_wconf 72' lang='lat' dir='ltr'>bibliothecis,</span> <span class='ocrx_word' id='word_1_231' title='bbox 717 3758 762 3805; x_wconf 81' lang='lat' dir='ltr'>nc</span> <span class='ocrx_word' id='word_1_232' title='bbox 783 3735 946 3811; x_wconf 68' lang='lat' dir='ltr'>Romana</span> <span class='ocrx_word' id='word_1_233' title='bbox 960 3730 1113 3837; x_wconf 84' lang='lat' dir='ltr'>quidem</span> <span class='ocrx_word' id='word_1_234' title='bbox 1129 3734 1301 3835; x_wconf 74' lang='lat' dir='ltr'>excepti,</span> <span class='ocrx_word' id='word_1_235' title='bbox 1324 3728 1598 3832; x_wconf 80' lang='lat' dir='ltr'>Pomposunam</span> <span class='ocrx_word' id='word_1_236' title='bbox 1620 3752 1710 3828; x_wconf 77' lang='lat' dir='ltr'>pra·</span> 
     </span>
     <span class='ocr_line' id='line_1_32' title="bbox 418 3831 1709 3941; baseline -0.004 -29"><span class='ocrx_word' id='word_1_237' title='bbox 418 3838 550 3913; x_wconf 85' lang='lat' dir='ltr'>cellere</span> <span class='ocrx_word' id='word_1_238' title='bbox 576 3840 781 3915; x_wconf 76' lang='lat' dir='ltr'>testificetur</span> <span class='ocrx_word' id='word_1_239' title='bbox 800 3841 980 3917; x_wconf 86' lang='lat' dir='ltr'>Henricus</span> <span class='ocrx_word' id='word_1_240' title='bbox 1003 3843 1152 3915; x_wconf 81' lang='lat' dir='ltr'>clericus</span> <span class='ocrx_word' id='word_1_241' title='bbox 1180 3843 1215 3913; x_wconf 92' lang='lat' dir='ltr'>iu</span> <span class='ocrx_word' id='word_1_242' title='bbox 1238 3839 1385 3941; x_wconf 82' lang='lat' dir='ltr'>epistola</span> <span class='ocrx_word' id='word_1_243' title='bbox 1413 3831 1458 3908; x_wconf 90' lang='lat' dir='ltr'>ad</span> <span class='ocrx_word' id='word_1_244' title='bbox 1482 3835 1709 3935; x_wconf 83' lang='lat' dir='ltr'>Stephanum</span> 
     </span>
     <span class='ocr_line' id='line_1_33' title="bbox 418 3939 1707 4047; baseline -0.004 -30"><span class='ocrx_word' id='word_1_245' title='bbox 418 3946 639 4047; x_wconf 80' lang='lat' dir='ltr'>quemdam,</span> <span class='ocrx_word' id='word_1_246' title='bbox 658 3944 820 4041; x_wconf 82' lang='lat' dir='ltr'>subnexo</span> <span class='ocrx_word' id='word_1_247' title='bbox 841 3945 1073 4024; x_wconf 83' lang='lat' dir='ltr'>bibliotheca</span> <span class='ocrx_word' id='word_1_248' title='bbox 1101 3944 1264 4046; x_wconf 77' lang='lat' dir='ltr'>ejusdem</span> <span class='ocrx_word' id='word_1_249' title='bbox 1286 3948 1454 4045; x_wconf 78' lang='lat' dir='ltr'>catalogo</span> <span class='ocrx_word' id='word_1_250' title='bbox 1479 3973 1486 4014; x_wconf 92' lang='lat'>:</span> <span class='ocrx_word' id='word_1_251' title='bbox 1508 3965 1588 4039; x_wconf 81' lang='lat' dir='ltr'>qua</span> <span class='ocrx_word' id='word_1_252' title='bbox 1606 3939 1707 4040; x_wconf 77' lang='lat' dir='ltr'>jubet</span> 
     </span>
     <span class='ocr_line' id='line_1_34' title="bbox 419 4046 1708 4155; baseline -0.007 -30"><span class='ocrx_word' id='word_1_253' title='bbox 419 4054 563 4127; x_wconf 78' lang='lat' dir='ltr'>animus</span> <span class='ocrx_word' id='word_1_254' title='bbox 588 4053 649 4127; x_wconf 91' lang='lat' dir='ltr'>hic</span> <span class='ocrx_word' id='word_1_255' title='bbox 678 4054 849 4129; x_wconf 84' lang='lat' dir='ltr'>adtexere</span> <span class='ocrx_word' id='word_1_256' title='bbox 873 4114 883 4147; x_wconf 88' lang='lat'>,</span> <span class='ocrx_word' id='word_1_257' title='bbox 911 4080 953 4128; x_wconf 90' lang='lat' dir='ltr'>ut</span> <span class='ocrx_word' id='word_1_258' title='bbox 974 4079 1202 4155; x_wconf 87' lang='lat' dir='ltr'>compertum</span> <span class='ocrx_word' id='word_1_259' title='bbox 1229 4053 1350 4126; x_wconf 72' lang='lat' dir='ltr'>leclori</span> <span class='ocrx_word' id='word_1_260' title='bbox 1378 4050 1416 4123; x_wconf 81' lang='lat' dir='ltr'>sit</span> <span class='ocrx_word' id='word_1_261' title='bbox 1438 4073 1580 4149; x_wconf 82' lang='lat' dir='ltr'>quanta:</span> <span class='ocrx_word' id='word_1_262' title='bbox 1602 4046 1708 4119; x_wconf 83' lang='lat' dir='ltr'>molis</span> 
     </span>
     <span class='ocr_line' id='line_1_35' title="bbox 420 4153 1709 4263; baseline -0.004 -31"><span class='ocrx_word' id='word_1_263' title='bbox 420 4182 508 4246; x_wconf 79' lang='lat' dir='ltr'>tuuc</span> <span class='ocrx_word' id='word_1_264' title='bbox 539 4156 650 4236; x_wconf 87' lang='lat' dir='ltr'>fuerit</span> <span class='ocrx_word' id='word_1_265' title='bbox 675 4158 883 4237; x_wconf 80' lang='lat' dir='ltr'>numerosas</span> <span class='ocrx_word' id='word_1_266' title='bbox 905 4186 1028 4263; x_wconf 80' lang='lat' dir='ltr'>parate</span> <span class='ocrx_word' id='word_1_267' title='bbox 1046 4161 1292 4236; x_wconf 82' lang='lat' dir='ltr'>Bibliothecas</span> <span class='ocrx_word' id='word_1_268' title='bbox 1322 4193 1331 4241; x_wconf 69' lang='grc' dir='ltr'><strong>ς</strong></span> <span class='ocrx_word' id='word_1_269' title='bbox 1361 4154 1506 4258; x_wconf 82' lang='lat' dir='ltr'>quando</span> <span class='ocrx_word' id='word_1_270' title='bbox 1540 4153 1601 4226; x_wconf 86' lang='lat' dir='ltr'>illa</span> <span class='ocrx_word' id='word_1_271' title='bbox 1628 4179 1709 4254; x_wconf 80' lang='lat' dir='ltr'>quae</span> 
     </span>
     <span class='ocr_line' id='line_1_36' title="bbox 419 4255 1708 4368; baseline -0.005 -28"><span class='ocrx_word' id='word_1_272' title='bbox 419 4269 498 4359; x_wconf 75' lang='lat' dir='ltr'>aliis</span> <span class='ocrx_word' id='word_1_273' title='bbox 517 4266 683 4368; x_wconf 79' lang='lat' dir='ltr'>praeibat,</span> <span class='ocrx_word' id='word_1_274' title='bbox 703 4296 749 4343; x_wconf 89' lang='lat' dir='ltr'>ne</span> <span class='ocrx_word' id='word_1_275' title='bbox 767 4265 1016 4343; x_wconf 84' lang='lat' dir='ltr'>mediocribus</span> <span class='ocrx_word' id='word_1_276' title='bbox 1034 4268 1184 4368; x_wconf 86' lang='lat' dir='ltr'>quidem</span> <span class='ocrx_word' id='word_1_277' title='bbox 1204 4265 1309 4339; x_wconf 83' lang='lat' dir='ltr'>nostri</span> <span class='ocrx_word' id='word_1_278' title='bbox 1333 4267 1401 4340; x_wconf 77' lang='lat' dir='ltr'>aui</span> <span class='ocrx_word' id='word_1_279' title='bbox 1422 4255 1578 4335; x_wconf 83' lang='lat' dir='ltr'>conferri</span> <span class='ocrx_word' id='word_1_280' title='bbox 1598 4263 1708 4334; x_wconf 85' lang='lat' dir='ltr'>valet.</span> 
     </span>
     <span class='ocr_line' id='line_1_37' title="bbox 422 4365 1709 4478; baseline -0.009 -30"><span class='ocrx_word' id='word_1_281' title='bbox 422 4374 620 4476; x_wconf 78' lang='lat' dir='ltr'>Epistolam</span> <span class='ocrx_word' id='word_1_282' title='bbox 638 4400 758 4449; x_wconf 87' lang='lat' dir='ltr'>autem</span> <span class='ocrx_word' id='word_1_283' title='bbox 781 4387 816 4451; x_wconf 85' lang='lat'>&amp;</span> <span class='ocrx_word' id='word_1_284' title='bbox 837 4376 1047 4478; x_wconf 82' lang='lat' dir='ltr'>catalogum</span> <span class='ocrx_word' id='word_1_285' title='bbox 1076 4400 1118 4446; x_wconf 80' lang='lat' dir='ltr'>cx</span> <span class='ocrx_word' id='word_1_286' title='bbox 1136 4370 1334 4448; x_wconf 84' lang='lat' dir='ltr'>Mutinculi</span> <span class='ocrx_word' id='word_1_287' title='bbox 1358 4367 1567 4443; x_wconf 84' lang='lat' dir='ltr'>Serenilhmi</span> <span class='ocrx_word' id='word_1_288' title='bbox 1590 4365 1709 4441; x_wconf 78' lang='lat' dir='ltr'>Ducis</span> 
     </span>
     <span class='ocr_line' id='line_1_38' title="bbox 421 4475 1709 4587; baseline -0.005 -34"><span class='ocrx_word' id='word_1_289' title='bbox 421 4478 647 4563; x_wconf 83' lang='lat' dir='ltr'>bibliotheca</span> <span class='ocrx_word' id='word_1_290' title='bbox 668 4481 867 4587; x_wconf 89' lang='lat' dir='ltr'>prodeunt,</span> <span class='ocrx_word' id='word_1_291' title='bbox 886 4482 1053 4581; x_wconf 89' lang='lat' dir='ltr'>mihique</span> <span class='ocrx_word' id='word_1_292' title='bbox 1073 4477 1119 4553; x_wconf 88' lang='lat' dir='ltr'>ab</span> <span class='ocrx_word' id='word_1_293' title='bbox 1135 4478 1347 4553; x_wconf 79' lang='lat' dir='ltr'>amicissimo</span> <span class='ocrx_word' id='word_1_294' title='bbox 1367 4480 1445 4550; x_wconf 87' lang='lat' dir='ltr'>viro</span> <span class='ocrx_word' id='word_1_295' title='bbox 1465 4476 1559 4563; x_wconf 74' lang='lat' dir='ltr'>lulio</span> <span class='ocrx_word' id='word_1_296' title='bbox 1579 4475 1709 4547; x_wconf 85' lang='lat' dir='ltr'>Fonta-</span> 
     </span>
     <span class='ocr_line' id='line_1_39' title="bbox 419 4580 1710 4692; baseline -0.005 -32"><span class='ocrx_word' id='word_1_297' title='bbox 419 4590 507 4661; x_wconf 89' lang='lat' dir='ltr'>niuo</span> <span class='ocrx_word' id='word_1_298' title='bbox 532 4587 644 4666; x_wconf 84' lang='lat' dir='ltr'>Catd.</span> <span class='ocrx_word' id='word_1_299' title='bbox 678 4591 862 4692; x_wconf 81' lang='lat' dir='ltr'>imperiali</span> <span class='ocrx_word' id='word_1_300' title='bbox 886 4586 1193 4684; x_wconf 83' lang='lat' dir='ltr'>BibliothecariO,</span> <span class='ocrx_word' id='word_1_301' title='bbox 1220 4610 1259 4662; x_wconf 91' lang='lat' dir='ltr'>ut</span> <span class='ocrx_word' id='word_1_302' title='bbox 1279 4581 1446 4660; x_wconf 84' lang='lat' dir='ltr'>nondum</span> <span class='ocrx_word' id='word_1_303' title='bbox 1462 4582 1601 4688; x_wconf 88' lang='lat' dir='ltr'>publici</span> <span class='ocrx_word' id='word_1_304' title='bbox 1620 4580 1710 4684; x_wconf 75' lang='lat' dir='ltr'>juris</span> 
     </span>
     <span class='ocr_line' id='line_1_40' title="bbox 420 4686 1059 4792; baseline -0.002 -18"><span class='ocrx_word' id='word_1_305' title='bbox 420 4686 541 4792; x_wconf 60' lang='lat' dir='ltr'>slfflr</span> <span class='ocrx_word' id='word_1_306' title='bbox 559 4695 681 4786; x_wconf 76' lang='lat' dir='ltr'>oblata</span> <span class='ocrx_word' id='word_1_307' title='bbox 703 4698 796 4785; x_wconf 78' lang='lat' dir='ltr'>illaec</span> <span class='ocrx_word' id='word_1_308' title='bbox 818 4696 944 4782; x_wconf 78' lang='lat' dir='ltr'>Romae</span> <span class='ocrx_word' id='word_1_309' title='bbox 965 4691 1059 4779; x_wconf 79' lang='lat' dir='ltr'>sunt.</span> 
     </span>
    </p>

    <p class='ocr_par' dir='ltr' id='par_1_6' title="bbox 1562 4792 1708 4910">
     <span class='ocr_line' id='line_1_41' title="bbox 1562 4792 1708 4910; baseline 0.007 -47"><span class='ocrx_word' id='word_1_310' title='bbox 1562 4792 1708 4910; x_wconf 66' lang='lat' dir='ltr'>zpistolc</span> 
     </span>
    </p>
   </div>
   <div class='ocr_carea' id='block_1_3' title="bbox 0 0 2152 5684">
    <p class='ocr_par' dir='ltr' id='par_1_7' title="bbox 0 0 2152 5684">
     <span class='ocr_line' id='line_1_42' title="bbox 0 0 2152 5684; baseline 0 0"><span class='ocrx_word' id='word_1_311' title='bbox 0 0 2152 5684; x_wconf 95' lang='lat' dir='ltr'> </span> 
     </span>
    </p>
   </div>
  </div>
 </body>
</html>
