4414 5692
6 604 43 1343 zvvez‘rrznae

6 1373 30 1459 (ᾖ

5 2094 22 2147 ‘a‘
8 1979 24 2030 -ι
5 1754 24 1917 ἰ’-ἥτ’
6 1520 29 1690 (ι’-τ

920 460 1049 575 Captet
1069 449 1306 577 eigestonam
1316 451 1513 579 priunum.
1827 492 1893 585 319

565 607 652 663 rum
677 578 767 658 loco
800 570 920 676 risus,
951 574 1130 658 omnibus
1152 578 1296 690 stupori
1320 578 1404 661 suit.

624 686 791 803 Idipstnn
814 715 970 799 quoque
981 686 1172 768 testificati
1182 687 1267 769 sttnt
1277 695 1365 771 odo
1377 688 1482 772 senes
1493 718 1573 774 tam
1586 692 1896 784 horrendieven-

567 797 1893 921 mmmmssfflmffimmfflmmmumfflmmmOWfflTA

564 913 770 1105 pergolani
785 916 1076 1024 nosocomiique
1086 911 1284 993 lortunam
1298 912 1434 995 habuit
1449 913 1614 999 famosus
1627 918 1693 1002 ille
1708 924 1894 1006 Lucrinus

582 1052 673 1106 acus
691 1051 796 1105 totus
815 1050 914 1136 pene
935 1020 1154 1126 absumtus,
1176 1028 1281 1134 eujus
1299 1052 1441 1138 magna
1462 1056 1549 1139 pars
1562 1032 1643 1139 jam
1660 1038 1803 1113 montis
1821 1066 1892 1116 no.

566 1141 605 1217 vi
622 1136 815 1219 radicibus
834 1162 1059 1249 occupatur.
1076 1141 1181 1219 Rem
1201 1133 1289 1218 sane
1308 1136 1470 1218 monstri
1490 1140 1677 1244 ssmilem,
1698 1149 1802 1252 cujus
1821 1148 1892 1227 sm.

565 1248 843 1362 gularitatem,
869 1274 920 1329 ne
935 1243 1057 1361 prisca
1072 1247 1231 1359 quidem
1250 1248 1317 1329 illa
1334 1253 1490 1362 po‘e'tica
1512 1279 1735 1335 commenta
1752 1264 1891 1340 atnoe.

565 1330 1849 1475 nmsfflmmmmfflstmmwmmmfflmmmfflov

623 1477 803 1557 Proxime
835 1475 943 1553 Baias
963 1470 1175 1582 tranquillo
1196 1474 1324 1573 mari,
1349 1476 1389 1551 in
1414 1500 1524 1584 aquae
1549 1470 1674 1555 fundo
1701 1482 1762 1558 via
1780 1510 1891 1564 more

563 1587 759 1670 flaminiae
776 1595 815 1667 ἃ
832 1588 966 1696 Appiae
986 1582 1103 1664 strata
1121 1579 1351 1695 conspicitur
1370 1578 1464 1663 saxis
1483 1588 1791 1697 praegrandibus,
1812 1622 1891 1702 quo

563 1702 738 1814 arguitur
758 1766 767 1801 ,
785 1724 893 1778 mare
912 1695 1020 1807 quod
1042 1694 1122 1775 aliis
1143 1700 1182 1775 in
1205 1696 1300 1774 locis
1316 1695 1533 1799 recedens,
1557 1677 1677 1779 solum
1697 1708 1805 1796 aquis
1821 1732 1891 1783 nu.

564 1801 1889 1920 dmmmwmmmfflmmmhwmmmmfflffimm

564 1925 719 2004 Caetera
736 1990 746 2025 ‚
766 1949 908 2033 nempe
933 1916 1150 2031 sepulcrum
1169 1922 1419 2040 Agrippina,
1441 1918 1589 2032 templa
1617 1924 1657 2000 in
1685 1931 1800 2004 maris
1822 1954 1892 2004 ora

559 2035 710 2147 posita,
731 2029 911 2146 piscinam
934 2029 1151 2112 mirabilem
1168 2100 1178 2134 ,
1198 2031 1335 2113 Elileos
1353 2058 1533 2143 campos,
1550 2041 1622 2113 &e
1643 2059 1781 2146 utpote
1797 2040 1891 2116 trita

561 2147 613 2228 de
632 2174 742 2226 more
754 2144 901 2225 silentio
917 2150 1164 2257 praeterimus.
1186 2147 1353 2225 Monere
1377 2168 1510 2225 tamen
1519 2145 1646 2253 juvat,
1658 2146 1889 2257 templaVe-

560 2262 662 2341 neris
682 2325 692 2360 ,
714 2258 900 2339 Mercurii
921 2323 932 2356 ,
954 2252 1285 2367 Apollinis‚nullo
1301 2255 1446 2334 indicio
1465 2254 1506 2335 id
1521 2260 1687 2335 nominis
1698 2257 1888 2369 preferre.

559 2374 597 2451 Is
616 2369 671 2451 est
688 2372 793 2451 enim
808 2396 892 2446 mos
919 2368 1130 2449 hodiernus
1148 2435 1160 2470 ‚
1177 2390 1221 2447 ut
1241 2365 1267 2447 fi
1295 2394 1371 2478 qua
1397 2366 1539 2447 rudera
1566 2371 1725 2479 antiqua
1752 2370 1888 2481 templi

557 2479 729 2563 formam
748 2476 992 2593 praeferentia
1011 2502 1221 2559 occurrant
1240 2546 1251 2584 ,
1270 2476 1409 2559 malint
1428 2482 1655 2590 antiquarii,
1676 2480 1888 2560 divinando

559 2590 739 2705 cujusque
765 2592 946 2703 assignare
967 2620 1138 2693 nomen,
1159 2618 1277 2702 quam
1300 2594 1560 2703 ignorantiam
1578 2589 1749 2703 profiteri
1770 2587 1885 2672 suam.

558 2704 711 2787 Ibidem
729 2708 770 2784 in
790 2698 1015 2816 quibusdam
1036 2701 1190 2814 templis
1207 2696 1375 2813 locisque
1393 2695 1645 2784 subterraneis
1662 2700 1886 2784 observatur

563 2816 708 2899 obduci
728 2846 859 2896 muros
881 2840 1096 2918 eamcam,
1114 2819 1153 2895 in
1176 2842 1254 2925 quo
1269 2810 1398 2926 figurae
1416 2818 1580 2926 egregiae
1597 2812 1732 2893 formu
1742 2818 1883 2926 promi-

558 2956 656 3012 nent
675 2999 686 3035 ,
704 2929 755 3011 ad
774 2927 978 3009 florentem
997 2931 1137 3006 artium
1155 2950 1309 3006 atatem
1326 2922 1551 3006 referenda.
1586 2926 1755 3037 Templa
1776 2929 1880 3007 Her-

559 3041 654 3124 culis
673 3039 782 3125 Bauli
799 3070 844 3121 ac
863 3041 1002 3120 Diana:
1021 3035 1207 3119 Lucifera
1223 3064 1305 3116 non
1330 3060 1478 3119 temere
1507 3036 1548 3117 id
1567 3041 1733 3117 nominis
1753 3034 1882 3148 prafe-

558 3181 651 3236 runt
674 3203 684 3257 5
705 3183 795 3235 nam
815 3176 932 3234 enttae
951 3148 1097 3231 ibidem
1118 3144 1401 3262 inscriptiones,
1420 3151 1463 3227 iis
1482 3147 1701 3229 numinibus
1719 3148 1812 3228 olim
1828 3144 1880 3227 sa-

559 3294 667 3348 crata
684 3269 841 3347 docent.

615 3384 838 3490 Antequam
859 3372 1030 3487 Neapoli
1057 3369 1363 3473 discederemus,
1384 3369 1630 3453 bibliotheca
1650 3366 1882 3485 manuscrip-

560 3516 692 3573 torum
711 3487 939 3573 Monasterii
959 3490 993 3568 S.
1014 3487 1181 3568 Severini
1197 3480 1420 3595 sequentem
1442 3506 1575 3562 notam
1597 3489 1828 3598 excepimus.

622 3601 746 3684 Biblia
767 3598 870 3681 saera
890 3597 1019 3680 multis
1037 3594 1293 3677 voluminibus
1309 3624 1345 3674 x.
1365 3589 1497 3674 saeculi.

624 3708 850 3796 Psalterium
868 3711 1215 3789 Graeco-Latinum
1236 3736 1282 3785 xr
1300 3738 1326 3785 r.
1355 3702 1490 3785 saculo
1512 3705 1771 3821 conscriptum
1789 3776 1801 3809 ,
1822 3704 1888 3786 ubi

562 3830 702 3911 Graeca
717 3823 896 3937 singulari
906 3821 1171 3901 characterum
1192 3816 1318 3897 formal
1335 3813 1427 3895 sunt.

616 3950 776 4051 Origem's
796 3941 837 4014 in
857 3935 1044 4033 Cantica,
1061 3929 1225 4009 aliorum
1250 3932 1345 4009 item
1368 3932 1407 4005 in
1434 3928 1599 4007 Cantica
1620 3934 1797 4038 quadam
1819 3978 1827 4027 ς
1851 3939 1891 4010 dt

559 4050 740 4137 Bernardi
753 4052 847 4127 item
864 4050 904 4124 in
922 4045 1097 4124 Cantica.
1114 4039 1255 4122 Codex
1272 4067 1347 4119 xri.
1367 4033 1488 4116 saeculi
1506 4105 1517 4137 ,
1544 4038 1648 4118 haud
1670 4041 1734 4118 diu
1756 4040 1838 4150 post
1857 4044 1889 4119 S.

560 4157 751 4241 Bernardi
767 4157 918 4237 obitum
938 4149 1173 4265 conscriptus
1191 4149 1356 4232 videtur.
1391 4153 1435 4228 In
1455 4147 1532 4227 alio
1549 4154 1645 4230 item
1657 4151 1793 4231 codice
1811 4179 1890 4229 xrv.

558 4268 696 4373 saecult,
708 4269 886 4356 Bernardi
897 4273 936 4346 in
949 4267 1123 4346 Cantica.
1239 4313 1243 4322 -

618 4385 916 4464 Commentaria
932 4380 1131 4486 Anonymi
1149 4378 1189 4453 in
1206 4369 1465 4484 Apocalypsin
1478 4439 1487 4474 ,
1500 4371 1625 4451 codex
1652 4376 1760 4451 initio
1779 4374 1892 4448 muti.

565 4491 626 4575 lus
644 4522 699 4575 xi.
716 4488 850 4573 saculi.
872 4496 973 4571 Item
990 4486 1085 4568 alius
1099 4492 1139 4567 in
1158 4486 1325 4565 Cantica
1343 4481 1479 4562 similis.

613 4608 648 4687 S.
668 4602 822 4709 Ephrem
838 4601 1017 4713 quaedam
1032 4604 1071 4679 in
1088 4597 1226 4679 codice
1245 4623 1321 4674 xri.
1340 4589 1471 4671 saeculi.

615 4719 810 4825 Augustini
840 4717 881 4792 in
901 4705 1070 4792 Psalmos
1097 4707 1224 4789 codex
1240 4708 1403 4818 egregia:
1429 4728 1532 4783 nota
1552 4730 1585 4781 x.
1606 4698 1755 4803 saeculi,
1781 4705 1897 4781 tomis

575 4823 737 4910 duobus
