4352 5690
900 356 1030 473 Caput
1048 341 1289 475 vigestmum
1301 336 1542 471 ftmndum.
1823 387 1891 474 339

561 473 662 557 tinia
681 464 833 583 posuit,
857 469 1031 552 humano
1050 479 1160 553 omni
1179 469 1373 553 consortio
1393 472 1604 556 destitutus.
1642 477 1778 589 Specui
1793 480 1884 560 Mo.

561 582 769 664 nasterium
787 581 892 662 aliud
904 586 983 692 jam
1000 611 1100 695 pene
1120 580 1313 665 desertum
1333 582 1497 691 adjacet.
1514 588 1618 696 Rupi
1636 590 1815 669 imminet
1832 583 1885 668 sa-

560 692 704 774 cellum
724 691 950 805 septumque
967 694 1195 805 lapideum,
1223 694 1289 774 ubi
1312 692 1406 773 olim
1430 699 1537 774 aiunt
1554 696 1666 777 situm
1687 698 1883 781 Monaste-

561 809 661 884 rium
680 806 891 887 Tlieodati.
925 805 1010 887 Istic
1030 802 1249 887 versabatur
1263 811 1464 888 Romanus
1474 806 1717 909 Monachus,
1734 814 1799 919 qui
1818 837 1882 921 pa.

563 942 654 996 nem
669 913 905 999 adolescenti
920 918 1128 999 Benedisso
1138 921 1178 997 in
1188 913 1300 1028 specu
1311 917 1469 1029 degenti
1476 912 1540 1029 sup
1569 917 1754 1000 editabat.
1770 926 1885 1002 Mon-

564 1023 686 1106 strant
705 1028 900 1139 hodieque
920 1025 1040 1142 spinas
1060 1033 1099 1108 in
1117 1036 1223 1139 queis
1242 1026 1437 1108 volutatus
1453 1027 1518 1109 ille
1535 946 1733 1111 siammam
1746 1060 1886 1111 concu-

565 1133 754 1247 piscentiae
776 1140 947 1221 restinxit
965 1207 976 1242 ,
997 1171 1075 1251 quo
1094 1139 1183 1218 loco
1204 1143 1311 1218 aiunt
1329 1144 1361 1220 S.
1379 1135 1621 1220 Franciscum
1638 1171 1727 1222 cum
1741 1142 1886 1222 ordinis

565 1244 617 1327 sui
634 1251 795 1330 exordia
814 1276 978 1365 poneret
996 1257 1037 1330 in
1054 1247 1190 1332 secessu
1210 1246 1370 1362 degisse,
1389 1250 1438 1331 de
1466 1254 1657 1362 islamque
1670 1255 1747 1333 e'us
1759 1256 1889 1332 inmu-

565 1388 611 1439 ro
632 1360 793 1473 figuram
813 1364 999 1443 exhibent
1019 1429 1029 1463 ,
1050 1392 1129 1442 non
1149 1368 1203 1440 ita
1223 1360 1348 1441 multo
1369 1280 1464 1474 poss
1471 1363 1550 1469 ejus
1570 1282 1759 1444 decessum
1777 1363 1890 1443 ador-

565 1497 697 1552 natam
717 1540 727 1575 ,
747 1503 873 1586 neque
892 1473 1102 1555 dissimilem
1123 1473 1370 1555 Lateranensr
1390 1472 1439 1553 de
1459 1501 1535 1583 qua
1556 1470 1729 1584 superius.
1764 1476 1888 1558 Haud

563 1583 701 1692 procul
721 1585 958 1666 Monasterio
974 1585 1023 1664 ad
1039 1584 1201 1666 alteram
1218 1588 1373 1665 Anienis
1393 1589 1537 1695 ripam,
1552 1586 1693 1666 rudera
1711 1585 1889 1693 quadarn

563 1689 783 1804 supersunt,
803 1716 1038 1806 narrantque
1060 1696 1199 1776 donrds
1217 1695 1405 1801 Florentis
1444 1693 1889 1806 resbyterivestigiaesle,

563 1809 630 1913 qui
664 1836 752 1885 cum
773 1806 1015 1888 mulierculas
1042 1808 1165 1887 nudas
1186 1833 1378 1889 tentatum
1426 1803 1487 1885 isti
1518 1806 1669 1886 ulorum
1694 1807 1889 1887 Benedicti

592 1915 790 1997 udicitiam
813 1916 990 2021 misisset,
1018 1920 1199 1999 divinitus
1231 1916 1392 1997 immissa
1412 1838 1552 2018 clade,
1588 1946 1721 2029 peenas
1742 1915 1890 1998 sceleris

563 1942 644 2107 suit.
683 2032 857 2140 Roganti
874 2029 939 2109 ubi
958 2029 1060 2110 lacus
1079 2030 1145 2112 ille
1165 2034 1199 2112 S.
1218 2034 1369 2131 Mauri,
1388 2027 1487 2108 sicco
1507 2028 1606 2139 pede
1625 2054 1667 2109 ut
1686 2028 1891 2109 Placidum

561 2138 674 2218 undis
691 2146 857 2252 eriperet
872 2142 1060 2221 'calcantis
1084 2171 1221 2253 aquas,
1243 2140 1423 2253 prodigio
1444 2138 1678 2220 nobilitatus.
1714 2132 1888 2251 Respon-

560 2245 641 2330 sum
671 2251 726 2332 est
746 2255 936 2332 Anienem
956 2256 1080 2331 rivum
1097 2256 1199 2333 inter
1225 2249 1384 2331 anuusta
1401 2254 1593 2329 montium
1612 2250 1818 2352 fluentem,
1838 2251 1889 2330 ad

559 2359 690 2443 fauces
712 2359 894 2472 quasdam
920 2362 1059 2444 structo
1083 2393 1197 2443 nitiro
1217 2321 1472 2474 reffagnasse3
1497 2363 1602 2470 cujus
1625 2389 1721 2441 mur·
1748 2366 1885 2440 etiam.

560 2502 654 2553 num
677 2474 845 2585 reliquia
868 2473 972 2553 ultro
998 2479 1175 2585 citroque
1204 2469 1383 2553 visuntur.
1428 2472 1551 2582 quue
1585 2471 1634 2553 de
1658 2470 1843 2552 industria
1866 2472 1888 2553 d

561 2588 750 2667 Romanis
776 2584 940 2687 fadum,
960 2609 1003 2664 ut
1022 2589 1224 2697 exgurgite
1255 2582 1429 2664 canalem
1447 2588 1487 2662 in
1507 2582 1654 2664 Urbem
1675 2585 1885 2685 ducerent,

557 2695 680 2775 videri
712 2724 758 2777 ue
778 2702 953 2807 proxime
974 2696 1108 2776 dusius
1124 2690 1342 2803 hujusmodi
1357 2694 1522 2806 vestigia.
1561 2693 1678 2774 Aliud
1700 2695 1791 2775 inde
1813 2694 1882 2772 du.

559 2804 667 2886 bium
684 2726 874 2886 suboritur
892 2843 901 2887 :
919 2836 1003 2917 quae
1024 2801 1133 2886 causa
1150 2804 1292 2887 scilicet
1309 2804 1445 2909 fuerit,
1469 2836 1538 2886 cur
1561 2804 1583 2885 d
1604 2811 1695 2885 totis
1714 2805 1880 2916 quadra-

558 2921 667 3027 ginta
689 2917 855 2997 millibus
875 2946 1015 3028 aquam
1043 2922 1215 2999 Romani
1232 2916 1441 3018 ducerent,
1458 2915 1616 3026 quando
1629 2920 1732 2996 Anio
1743 2916 1881 2997 Tiburi

558 3026 777 3109 ociodecim
805 3028 959 3108 tantirm
979 3028 1028 3108 ab
1045 3028 1153 3110 Urbe
1177 3026 1400 3107 milliaribus
1422 3029 1543 3106 dissito
1562 3032 1600 3107 in
1619 3056 1784 3139 preceps
1801 3026 1877 3108 fer-

559 3162 647 3240 tur,
668 3163 711 3218 ut
730 3138 912 3251 perfacile
938 3138 1053 3221 fuerit
1073 3168 1191 3252 aquas
1209 3139 1300 3220 inde
1320 3137 1416 3219 Urbi
1433 3136 1733 3243 subministrare,
1753 3166 1879 3247 neque

559 3246 750 3331 necessum
777 3251 955 3333 videatur
974 3280 997 3331 a
1015 3276 1076 3333 tot
1096 3251 1342 3353 milliaribus,
1370 3279 1460 3331 nam
1480 3254 1615 3363 viginti
1638 3250 1784 3332 Tibure
1809 3255 1874 3330 Su.

558 3359 713 3442 blacum
737 3357 852 3474 usque
884 3389 1167 3465 numerantur,
1190 3362 1380 3444 Tiburem
1411 3360 1565 3443 alveum
1593 3361 1744 3443 deduci.
1791 3363 1878 3439 Una

557 3474 761 3555 dumtaxat
781 3480 930 3556 ratione
947 3470 1041 3555 solvi
1057 3473 1261 3555 difficultas
1276 3472 1426 3586 potest,
1446 3472 1628 3555 videlicet
1644 3499 1687 3553 ut
1706 3477 1875 3585 puriores

554 3613 674 3696 aquas
694 3614 766 3668 nec
785 3590 1026 3667 intermixtas
1044 3587 1146 3689 aliis,
1168 3586 1340 3665 humano
1386 3593 1468 3665 otui
1495 3590 1619 3664 minus
1636 3585 1873 3684 commodis,

556 3703 595 3776 in
620 3695 769 3778 Urbem
789 3699 1001 3800 ducerent,
1034 3702 1263 3800 Romanos,
1289 3614 1425 3808 quilius
1452 3701 1687 3778 intentatum
1719 3696 1874 3795 nibil,a

556 3808 826 3889 remotioribus
846 3814 1039 3889 montium
1059 3811 1380 3921 partibusaquam
1400 3805 1591 3889 derivasse.
1615 3800 1873 3888 lndeclivisa-

556 3918 698 4000 cellum
714 3924 894 4032 erigitur,
914 3950 992 4030 quo
1014 3921 1126 4022 loct),
1145 3927 1274 4020 aiunt,
1297 3945 1453 4030 ruptum
1473 3924 1663 4001 anutrice
1684 3918 1875 4017 cribrum,

556 4031 754 4142 pristinum
781 4037 821 4110 in
849 4030 991 4111 starum
1018 4031 1162 4112 restitui
1189 4031 1414 4112 Benediclus
1441 4030 1616 4141 precibus
1644 4030 1875 4141 impetravit.

546 4146 634 4253 Jam
657 4143 821 4221 diximus
840 4140 992 4222 Sublaci
1017 4148 1183 4254 primum
1205 4145 1391 4223 Ladantii
1418 4140 1672 4223 institutiones
1691 4145 1788 4252 typis
1808 4137 1875 4214 da-

553 4279 610 4332 tas
629 4251 733 4335 luisse
750 4281 854 4334 amru
874 4251 1017 4335 Christi
1039 4261 1141 4357 1461.
1162 4252 1269 4364 quod
1288 4280 1339 4330 an
1356 4246 1599 4334 observatum
1618 4252 1770 4364 pridem
1794 4246 1876 4327 fue-

553 4389 603 4445 nt
621 4393 771 4475 ignoro

607 4475 773 4556 Sublato
794 4478 845 4557 ad
862 4481 989 4557 vitum
1011 4481 1199 4559 Varronis
1219 4480 1433 4589 pergimus,
1451 4477 1529 4585 jam
1541 4468 1789 4587 populariusu
1810 4480 1879 4549 Vi-

552 4617 692 4665 co-vuro
711 4586 877 4689 dissum,
897 4587 1079 4698 vigesimo
1096 4612 1236 4697 quarto
1248 4588 1297 4665 ab
1308 4586 1414 4668 Urbe
1435 4587 1587 4666 milliari
1609 4585 1729 4663 situm.
1757 4580 1880 4663 Haud

548 4696 684 4807 procul
709 4702 795 4777 vico
816 4697 928 4811 rupes
947 4705 1080 4811 ingens
1105 4701 1245 4779 Anieni
1263 4702 1440 4780 imminet
1459 4733 1467 4776 ε
1484 4702 1523 4775 in
1542 4694 1672 4775 medio
1701 4695 1881 4805 praerupti

1602 4808 1724 4914 ναὶ]
