4264 5684
392 483 469 571 108
842 458 1023 568 Diarium
1047 472 1231 569 Italimm.

560 621 601 688 H
603 607 636 687 ic
652 605 710 688 ubi
725 606 891 686 miramur
903 617 1033 690 veracia
1050 639 1182 688 munera
1200 610 1360 690 Thermas

562 716 756 822 Abstulerat
772 720 903 826 miseris
921 718 1175 825 tellaſstperbus
1190 750 1277 828 ager.

451 829 487 906 A
506 829 646 906 Palatio
664 852 795 929 nempe
807 826 960 934 Augusti
980 824 1026 901 ad
1047 827 1224 903 Thermas
1245 827 1359 931 usque
1376 825 1455 907 Titi
1481 823 1610 904 domus
1628 827 1692 907 illa

401 934 563 1015 Neronis
580 930 885 1041 protendebatur:
910 933 996 1009 inde
1016 960 1100 1011 vero
1118 960 1179 1040 pet
1197 935 1337 1010 acclive
1351 936 1690 1040 montisEsquilini,

403 1043 554 1122 sublatis
575 1042 748 1120 domibus
768 1067 882 1144 atque
895 1043 1021 1134 tediis,
1038 1038 1231 1148 superbum
1247 1068 1374 1147 agrum
1395 1045 1463 1121 srve
1483 1043 1609 1120 hortos
1627 1073 1691 1149 pa-

403 1153 519 1247 ravit,
542 1153 606 1254 qui
633 1152 909 1228 Mecenatianis
932 1152 1048 1227 hortis
1071 1153 1289 1229 contermini
1317 1176 1419 1229 erant
1443 1214 1454 1247 ,
1480 1148 1690 1254 ibidemque

403 1260 512 1336 turris
527 1258 743 1336 Maecenatis
765 1257 803 1333 in'
822 1256 1062 1362 Esquiliarum
1081 1262 1233 1355 vertice,
1247 1255 1342 1334 unde
1355 1257 1575 1335 ludibundus
1587 1257 1690 1335 Nero

401 1370 474 1445 late
493 1363 648 1473 grass'ans
666 1364 874 1443 incendium
892 1368 1084 1471 spasiabat.
1120 1368 1273 1473 Qubus
1287 1366 1559 1443 Maeccnatianis
1578 1367 1692 1442 hortis

400 1474 559 1551 finitima
572 1473 717 1580 Virgilii
743 1475 864 1552 Po'etae
880 1473 1024 1552 domus.
1060 1474 1299 1577 Esquiliarum
1316 1501 1423 1578 porro
1443 1475 1591 1551 verticis
1614 1499 1693 1577 pars

402 1581 466 1658 illa
491 1609 575 1687 quae
598 1583 768 1661 Thermis
791 1584 879 1658 Titi·
903 1595 940 1661 dc
972 1609 1105 1687 campo
1135 1581 1351 1660 intermedio
1376 1584 1542 1687 opposita
1561 1580 1631 1677 est,
1656 1583 1693 1656 in

402 1687 565 1767 sanctum
577 1693 710 1767 Vitunr
727 1685 978 1788 &adjacentia
997 1694 1077 1765 loca
1096 1685 1203 1768 cadat
1219 1713 1378 1794 oportet.
1408 1693 1497 1766 Hoc
1513 1688 1592 1783 fito,
1608 1687 1694 1763 teste

400 1800 550 1873 oculato
571 1797 752 1873 Flaminio
773 1799 919 1892 Vacca,
941 1796 1136 1874 aedificium
1157 1798 1285 1874 nobile
1302 1822 1482 1902 repertum
1504 1856 1514 1890 ‚
1543 1791 1645 1898 quod
1669 1795 1694 1871 sr

400 1906 600 2006 conjestare
614 1907 744 1997 liceat,
761 1904 952 1984 horrorum
971 1906 1323 1983 Macenatianotum
1339 1930 1598 1982 ornamentum
1614 1898 1694 1977 suc-

398 2011 466 2090 rit:
485 2040 568 2091 eam
589 2008 833 2118 suspicionem
854 2012 951 2095 forte
964 2039 1122 2124 augeant
1140 2016 1263 2093 icones
1282 2013 1588 2117 philosophorum
1607 2035 1694 2086 mox

397 2119 653 2199 memorandae.

351 2271 373 2305 ι»
452 2228 799 2308 FLAMINIUS
837 2231 1067 2310 VACCA.
1095 2236 1124 2312 Β
1145 2237 1293 2340 regione
1313 2233 1419 2311 saucii
1438 2232 1592 2308 Antonii
1615 2259 1695 2307 ver-

352 2383 373 2413 ..
399 2335 455 2413 sus
472 2333 671 2442 hospitium
689 2339 797 2415 sancii
811 2339 905 2434 Viti,
917 2342 1095 2417 memoria
1109 2368 1191 2417 mea
1212 2367 1325 2418 eruta
1341 2338 1488 2417 fuerunt
1509 2343 1692 2415 columua’

353 2489 374 2520 ι
399 2448 523 2522 multae
569 2447 677 2522 attim
699 2473 743 2522 ex
765 2472 946 2524 marmore
968 2442 1092 2541 fusc0,
1114 2451 1244 2555 partim
1270 2477 1313 2525 ex
1333 2472 1513 2523 marmore
1535 2447 1692 2544 statuali,

352 2598 372 2627 η
399 2473 684 2657 subjacebatque
704 2556 852 2661 elegans
872 2559 1124 2658 pavimentum
1139 2585 1182 2633 ex
1196 2556 1450 2633 marmoribus.
1471 2551 1617 2630 Ibidem
1631 2551 1693 2628 de-

351 2703 373 2733 „
397 2655 668 2762 prehenderunt
687 2687 748 2737 vas
770 2661 906 2770 grande
929 2663 1068 2768 septem
1085 2669 1289 2768 palmorum
1311 2659 1541 2769 longitudine
1563 2725 1574 2759 ‚
1604 2662 1693 2736 toti·

351 2812 372 2842 s
398 2762 561 2873 demque
583 2766 797 2866 latitudine,
817 2794 901 2846 cum
922 2770 1010 2848 ansis
1029 2771 1196 2848 finoulari
1218 2796 1320 2848 more
1340 2768 1525 2846 confectis.
1555 2764 1695 2844 Inscul-

352 2919 372 2949 η
399 2897 470 2980 pta:
490 2876 568 2953 istic
588 2902 688 2953 erant
707 2879 848 2981 aliquot
868 2878 992 2973 larva,
1012 2836 1127 2982 probe
1149 2879 1355 2973 delineata,
1369 2903 1512 2953 necnon
1533 2873 1694 2979 philoso-

352 3028 373 3056 ω
398 2983 554 3088 phorum
573 2987 715 3079 icones,
731 2976 769 3061 in
788 2988 889 3087 queis
906 2981 1067 3093 effigiem
1081 2986 1239 3063 Socratis
1251 2987 1397 3091 agnovi.
1422 2988 1519 3062 Puto
1537 2988 1610 3086 jam
1625 2979 1696 3059 esse

353 3133 375 3165 n
398 3117 509 3197 penes
531 3089 765 3170 Cardinalem
784 3093 998 3169 Farnesrum.

455 3200 621 3278 Ecclefia:
640 3201 748 3275 sancli
763 3201 838 3276 Viti
860 3198 1047 3276 accumbit
1065 3197 1112 3275 ad
1131 3201 1258 3278 lavam
1278 3226 1377 3278 arcus
1394 3196 1552 3276 Gallieni
1570 3225 1614 3276 ex
1628 3199 1694 3276 Ti·

401 3305 550 3382 burtino
570 3303 711 3409 lapide,
734 3310 833 3406 cujus
854 3307 1039 3413 inscriptio
1059 3311 1275 3412 plerumque
1288 3307 1422 3385 tradita
1439 3303 1523 3381 fuit.
1552 3306 1694 3383 Eodem

400 3414 507 3508 loco,
526 3407 703 3489 videlicet
725 3417 763 3490 in
777 3412 918 3490 summo
931 3413 1185 3518 Esquiliarum,
1196 3416 1347 3491 statuam
1364 3416 1451 3517 erigi
1473 3413 1534 3486 sibi
1549 3410 1696 3511 jnss'erat

403 3520 591 3597 Gallienus
614 3519 748 3597 colosso
768 3519 881 3628 duplo
902 3526 1107 3622 majorem,
1132 3546 1172 3595 ut
1192 3548 1311 3598 narrat
1330 3521 1537 3599 Trebellius
1560 3521 1695 3614 Pollio,

402 3624 456 3700 ita
474 3654 516 3704 ut
536 3627 673 3703 hastam
688 3655 826 3706 teneret
845 3657 905 3735 per
925 3634 1024 3730 cujus
1045 3628 1193 3732 scapum
1213 3624 1333 3705 infans
1351 3624 1397 3704 ad
1414 3630 1590 3703 verticem
1610 3654 1695 3701 con-

404 3731 603 3812 scenderet.
630 3739 683 3812 At
702 3764 793 3814 nece
812 3762 1105 3842 preoccupatus,
1126 3731 1321 3814 informem
1340 3730 1514 3812 colossum
1535 3736 1694 3836 reliquit.

404 3845 532 3943 Atque
559 3869 602 3919 ut
623 3843 815 3948 probabile
839 3845 890 3921 est
914 3868 978 3951 pet
1002 3870 1126 3922 arcum
1154 3841 1224 3922 srve
1243 3867 1387 3951 portam
1410 3840 1622 3944 hujusmodi
1648 3839 1696 3918 ad

404 3945 582 4026 colossum
601 3949 720 4026 aditus
745 3948 884 4029 futurus
906 3978 995 4032 erat.

463 4053 606 4136 Eodem
625 4059 750 4134 itinere
770 4061 894 4138 vifitut
912 4062 1096 4140 castellum
1124 4088 1226 4166 aquae
1244 4061 1392 4139 Martia
1413 4058 1628 4138 semirutum
1647 4098 1655 4144 ;
1676 4054 1697 4134 {a

408 4167 512 4265 cujus
528 4161 651 4242 fronte
673 4174 807 4271 tropaea
826 4168 936 4246 Marii
959 4172 1047 4245 olim
1070 4172 1160 4266 hta,
1187 4193 1229 4243 ut
1256 4195 1300 4244 ex
1321 4167 1401 4271 ipsas
1422 4167 1593 4271 tropaeis,
1616 4190 1697 4268 quac

406 4270 546 4350 ibidem
560 4275 674 4349 etesia
691 4277 863 4377 proximis
883 4276 1018 4355 saeculis
1039 4301 1140 4354 etant
1154 4338 1165 4372 ,
1180 4299 1295 4378 atque
1312 4299 1358 4349 cx
1373 4271 1606 4350 remotissima
1624 4299 1699 4347 tra·

406 4380 548 4457 ditione
565 4380 748 4458 discimus.
790 4383 879 4490 Qa
900 4381 947 4459 de
966 4411 1003 4459 re
1020 4410 1142 4460 tamen
1164 4380 1262 4460 haud
1286 4382 1380 4456 leves
1397 4407 1528 4458 exorta
1546 4404 1696 4456 contro-

408 4489 523 4565 versiae
550 4486 651 4569 &ad
670 4488 737 4564 hos
778 4515 871 4592 pene
895 4488 1179 4596 diesptoduslae.
1220 4493 1273 4567 At
1297 4513 1373 4564 rem
1400 4489 1512 4593 probe
1538 4490 1696 4565 tenenti-

410 4594 481 4671 bus
499 4596 588 4671 nibil
605 4598 675 4671 loci
692 4599 937 4676 controversiis
961 4622 1007 4676 ac
1017 4595 1285 4704 quaestionibus.
1320 4597 1473 4697 Tropaea
1493 4596 1572 4672 istic
1593 4589 1697 4669 fuiss'e

408 4727 524 4783 nemo
547 4701 686 4783 inficias
710 4729 782 4785 cat.
824 4710 876 4789 Ea
894 4734 1018 4797 autem
1044 4706 1119 4814 ipsa
1147 4700 1250 4783 fuisse
1281 4730 1359 4809 quae
1384 4706 1481 4782 Caio
1502 4703 1624 4781 Mario
1650 4698 1696 4776 de
