4264 5684
904 467 1082 556 Dianium
1107 463 1277 562 Italicum

782 656 811 732 P
832 657 848 732 I
867 652 888 730 S
909 653 944 731 S.
1178 664 1205 738 B
1227 662 1267 737 N
1288 667 1305 741 Ι
1323 668 1362 742 Α

783 814 1122 893 TERENTIA
1164 814 1359 895 FECIT
1482 873 1483 876 =

780 970 1089 1047 MARITO
1139 971 1271 1048 SUO
1316 973 1358 1050 N

781 1121 986 1198 ONIO
1053 1122 1354 1201 MANRY

781 1274 1356 1380 tusoutvrxn

778 1422 882 1501 ΝΝ.
909 1425 1358 1505 sirmiensem

779 1579 937 1656 CUM
986 1581 1358 1670 CONJUGEM

779 1728 995 1805 SUAM
1045 1730 1216 1808 ANN.
1262 1734 1356 1810 XL

776 1881 890 1958 ur
955 1885 1353 1992 Qutsutr
1449 1894 1451 1898 ’

799 2035 1350 2118 „nuestus

775 2186 1347 2271 tmsnmntnm1c

775 2338 1348 2419 nnntuonuln

775 2489 1265 2574 Nu.xxvnru
1318 2497 1355 2572 u

481 2659 544 2735 De
559 2658 676 2762 prima
693 2657 789 2735 linea
809 2661 902 2738 nihil
920 2663 1114 2762 succurrit,
1130 2688 1259 2742 caetera
1276 2664 1322 2740 fic
1340 2665 1450 2773 legn,
1468 2677 1621 2746 Terentia
1632 2671 1724 2778 fecit

426 2772 549 2841 marito
580 2796 620 2842 uo
631 2773 744 2843 Nonio
754 2773 923 2875 Manrylio
938 2780 999 2877 qui
1010 2776 1110 2847 vixit
1126 2778 1227 2849 annis
1241 2785 1307 2849 LX
1316 2789 1347 2849 X
1357 2791 1375 2851 l
1383 2791 1402 2849 I
1411 2790 1439 2847 I.
1450 2775 1543 2880 fecit
1553 2804 1627 2851 nrm
1646 2808 1722 2853 con-

414 2883 540 2979 jugem
547 2875 645 2973 finam
657 2874 728 2972 (stc)
739 2905 839 2951 annos
854 2889 884 2953 Χ
892 2891 946 2951 LI
956 2892 978 2950 I
988 2892 1022 2952 1.
1034 2884 1094 2985 qui
1101 2879 1181 2981 fuit
1192 2882 1403 2956 Canceffarus
1415 2892 1522 2988 primi
1532 2891 1604 3001 joci
1616 2896 1722 2993 campi

426 2985 530 3053 Beati
546 2989 645 3055 annis
663 2997 693 3056 Χ
702 2997 733 3056 X
743 2996 774 3058 V
782 2997 800 3054 1
806 3042 814 3057 .
834 2989 975 3091 inpare.
999 2987 1232 3063 Cancellarus
1254 2988 1314 3063 hic
1332 2986 1571 3092 intelligitur,
1586 3015 1626 3065 ut
1643 3019 1719 3066 crc-

424 3082 511 3160 dere
529 3087 589 3180 est,
602 3088 629 3159 is
649 3091 707 3188 qni
730 3092 853 3164 locum
869 3092 955 3189 joco
974 3090 1184 3169 destinatum
1204 3093 1374 3169 cancellis
1391 3095 1592 3193 muniebat,
1606 3126 1717 3198 qnam

425 3218 554 3266 vocem
575 3198 636 3268 rlla
654 3196 831 3272 sententia
849 3226 920 3273 non
938 3201 1085 3275 memini
1106 3228 1166 3277 me
1186 3198 1307 3307 legisse
1325 3201 1476 3305 uspiam.
1506 3201 1620 3278 Aliud
1642 3209 1719 3307 epi-

425 3299 594 3402 taphium
616 3304 843 3407 elegantioris
868 3307 966 3401 xvi,
998 3307 1046 3382 est
1072 3311 1206 3410 equitis
1233 3308 1420 3409 cujusdam
1444 3310 1607 3402 Norici,
1634 3339 1718 3389 cunr

424 3408 627 3513 anaglypho
640 3409 821 3513 fingulari:
838 3409 1023 3516 inscriptio
1037 3411 1112 3490 sola
1128 3415 1267 3521 prodiit
1286 3418 1322 3490 in
1342 3419 1485 3511 lucem,
1507 3421 1716 3523 anaglypho

425 3514 602 3616 nusquam
620 3514 787 3618 expresso.
813 3521 881 3595 Vir
897 3519 1121 3598 decumbens
1133 3520 1280 3602 videtur
1298 3523 1434 3598 inferiis
1454 3527 1592 3620 libans,
1607 3553 1716 3629 atque

426 3622 464 3693 in
486 3627 560 3699 irno
581 3623 708 3727 lapidis
728 3628 791 3726 qui
811 3653 965 3729 quatuor
977 3628 1114 3734 pedum
1132 3628 1489 3736 longitudinc,t1nius
1504 3661 1586 3707 cunr
1606 3632 1717 3708 dimi.

425 3727 488 3802 dio
508 3728 696 3806 latitudine
714 3731 782 3825 est,
803 3762 919 3835 equus
942 3735 1209 3841 repraesentatur
1227 3736 1424 3843 ephippio,
1443 3768 1484 3816 ut
1505 3741 1565 3815 illa
1584 3766 1714 3838 artare,

425 3861 586 3912 ornatus.
614 3837 704 3912 Non
725 3831 975 3944 infrequentes
989 3841 1069 3919 sunt
1088 3848 1254 3950 equitum
1267 3847 1489 3922 Noricorum
1513 3846 1716 3950 inscriptio-

424 3964 512 4037 nes,
532 3949 594 4045 qui
616 3947 652 4017 in
673 3945 788 4047 pretio
809 3973 931 4047 erant,
952 3950 1098 4055 perinde
1119 3979 1227 4055 atque
1249 3956 1342 4028 illius
1364 3956 1523 4058 regionis
1540 3957 1624 4057 equi
1642 3990 1649 4030 :
1669 3961 1712 4033 In

424 4051 551 4153 lapillo
570 4053 620 4126 D.
635 4055 789 4127 Antonii
805 4058 949 4160 Capelli
966 4058 1108 4134 Partitii
1130 4063 1262 4137 Veneti
1281 4061 1578 4163 equus'sculptus
1600 4063 1712 4137 lrabe-

424 4182 483 4231 tur
501 4156 544 4231 ad
564 4161 723 4259 palmam
740 4184 904 4257 currens,
925 4191 1010 4241 cum
1029 4164 1260 4269 inscriptione
1276 4177 1446 4253 Noricus,
1468 4169 1551 4270 quia
1575 4167 1713 4248 scilicet

421 4262 591 4336 dontinus
612 4290 720 4366 utque
741 4263 863 4367 sessor,
881 4274 945 4353 ilio
959 4273 1078 4353 vesius
1087 4336 1099 4374 ,
1115 4277 1276 4379 palmam
1286 4270 1459 4355 retulisset
1467 4309 1477 4362 3
1493 4278 1592 4377 cujus
1609 4303 1709 4383 ecty-

421 4396 511 4473 pum
529 4374 663 4477 pariter
684 4370 822 4456 damus.
