4422 5692
1060 319 1186 432 Caput
1207 304 1397 395 decimum
1419 331 1617 393 auertum.
1880 347 1933 401 20
1937 351 1958 427 5

668 431 806 541 pedem
833 425 1006 539 Esquilini
1034 433 1074 509 in
1099 429 1244 510 Subura
1264 393 1451 511 hodierni
1471 426 1535 508 sub
1554 428 1709 509 ecclesia
1729 432 1761 508 S.
1791 430 1891 508 Petri
1920 440 1958 513 in

668 538 823 617 vinculis
848 531 1100 646 conspicitur:
1122 563 1211 615 narn
1229 546 1268 618 ὅ(
1286 538 1372 617 situs
1390 534 1571 618 consonat
1604 547 1642 617 lle
1655 563 1806 617 nomen,
1837 543 1957 619 Sancli

667 646 867 726 Salvatoris
889 649 1001 754 igitur
1019 643 1174 728 ecclefia
1196 649 1262 744 ‚in
1284 645 1441 726 Tellure
1452 646 1550 726 dicta
1562 644 1693 745 fuerit,
1717 651 1850 754 quiain
1863 673 1956 729 tem-

693 754 731 832 lo
749 751 914 835 Telluris
935 751 1016 853 est,
1036 753 1127 831 ficut
1142 752 1299 832 ecclesa
1317 758 1359 832 B.
1380 759 1510 834 Maria:
1526 758 1566 833 in
1581 759 1758 837 Minerva
1777 820 1787 852 ,
1813 762 1900 862 quia
1917 762 1956 835 in

664 781 753 939 loco
772 859 835 940 ubi
854 864 1037 941 Minervae
1055 860 1238 973 templum
1254 865 1418 941 excitata
1432 856 1529 961 fuit,
1550 870 1589 942 ὅ(
1609 862 1777 941 fimiliter
1796 863 1953 942 ecclesia

665 970 699 1049 S.
717 971 909 1051 Laurentii
927 972 965 1047 in
986 970 1153 1069 Lucina,
1174 976 1263 1077 quia
1280 974 1320 1049 in
1336 967 1481 1079 templo
1491 973 1649 1078 Junonis
1660 973 1821 1050 Lucina.
1842 971 1895 1049 Ut
1903 970 1951 1048 ad

662 1077 782 1156 Aram
800 1072 1044 1185 supradiclam
1066 1077 1249 1176 redeam,
1275 1074 1357 1156 sunt
1383 1082 1447 1185 qui
1472 1075 1654 1157 {estiment
1677 1073 1748 1157 effe
1765 1076 1952 1187 templum

663 1182 826 1268 Palladis
840 1188 880 1261 in
898 1182 1070 1262 Palladio
1087 1183 1197 1284 soro,
1216 1188 1270 1262 ita
1287 1211 1329 1265 ut
1345 1212 1488 1265 nomen
1505 1212 1528 1262 a
1545 1185 1691 1296 templo
1711 1186 1948 1265 deriveturin

659 1288 805 1373 forum:
824 1290 873 1370 de
890 1320 967 1398 quo
981 1290 1165 1380 Martialis
1175 1291 1343 1371 indicans
1353 1291 1417 1370 ubi
1427 1291 1522 1372 liber
1531 1287 1612 1371 suus
1623 1298 1790 1374 vaeniret:

810 1398 990 1480 Libertum
1007 1401 1095 1476 dosii
1113 1401 1268 1509 Lucenfis
1284 1431 1394 1506 quaere
1403 1398 1604 1511 strandum,

859 1518 1006 1589 Limina
1019 1511 1089 1610 post
1096 1520 1195 1609 pacis
1214 1507 1620 1613 Palladiumqucfomm.

659 1618 703 1693 ln
718 1615 821 1718 cujus
839 1617 893 1693 rei
909 1638 1174 1723 argumentum
1195 1613 1235 1691 id
1255 1612 1434 1696 adferunt
1454 1680 1464 1714 ,
1483 1616 1588 1723 quod
1609 1613 1946 1694 Palladisstatuain

656 1719 941 1832 frontispicio&
958 1720 1131 1829 zophoro
1149 1722 1330 1800 videatur.
1348 1721 1495 1829 Qubus
1513 1749 1586 1803 eoo
1606 1720 1785 1834 refragari
1795 1752 1872 1802 non
1883 1751 1946 1801 au.

658 1828 745 1907 sim:
767 1854 900 1910 notare
918 1853 1048 1909 tamen
1063 1828 1157 1907 libet
1173 1895 1183 1929 ,
1200 1828 1333 1909 similes
1351 1828 1513 1908 Palladis
1531 1789 1668 1908 llatuas
1684 1831 1946 1910 murohaeren.

657 1958 739 2034 tec,
763 1936 854 2015 licet
872 1942 1064 2035 minoses,
1091 1931 1222 2017 habeti
1251 1940 1396 2049 inJano
1425 1937 1622 2044 quadrivio
1639 1938 1688 2016 ad
1713 1938 1836 2016 forum
1855 1943 1948 2015 Boa-

656 2047 763 2121 rium.
783 2047 904 2122 Porro
923 2044 1071 2122 videtur
1086 2043 1161 2120 hoc
1180 2043 1377 2122 aedificium
1397 2072 1475 2122 non
1492 2043 1676 2153 templum
1697 2046 1850 2154 quidem
1865 2073 1944 2121 mu-

656 2155 704 2227 ris
724 2149 886 2229 clausum
903 2149 1005 2230 fuisse
1025 2217 1035 2249 ‚
1054 2145 1116 2231 sed
1135 2177 1240 2229 aram
1262 2151 1310 2229 ad
1330 2181 1479 2229 murum
1497 2156 1559 2260 qui
1573 2155 1648 2256 jam
1658 2176 1764 2230 extat
1801 2154 1945 2249 ofitam,

654 2256 839 2336 columnis
864 2257 1098 2443 ,epistyliis,
1132 2258 1380 2369 zophoroque
1410 2282 1606 2359 ornatam,
1627 2260 1730 2367 quod
1751 2181 1844 2338 septici
1865 2287 1944 2338 rem

654 2360 859 2473 speculanti
874 2393 922 2474 pa
940 2392 1001 2444 am
1019 2371 1101 2445 erit.

705 2474 735 2553 E
753 2478 877 2550 vicino
895 2472 949 2554 cst
968 2472 1230 2581 antiquiffimus
1241 2502 1367 2554 murus
1381 2471 1706 2586 praealtus,inquo
1716 2473 1848 2552 ostium
1860 2475 1942 2552 rudi

653 2575 776 2658 sormi
796 2645 807 2679 ‚
824 2580 873 2657 ad
889 2580 1084 2660 dexteram
1104 2576 1280 2689 ingressus
1299 2578 1463 2660 visuntur
1483 2582 1628 2689 aliquot
1644 2582 1828 2661 columnae
1845 2609 1941 2659 mar.

652 2713 791 2766 moreat
807 2691 937 2767 ctedlae
960 2687 1167 2796 striataeque
1179 2689 1293 2798 ,ipsis
1305 2690 1532 2769 Pantheonis
1542 2690 1723 2768 columnis
1734 2688 1854 2766 multo
1864 2718 1939 2766 mu-

651 2792 748 2897 jores
765 2860 776 2893 ,
794 2823 874 2901 quae
895 2819 1022 2874 tamen
1041 2823 1120 2871 non
1135 2825 1210 2872 uno
1229 2862 1239 2895 ,
1260 2822 1302 2874 ut
1318 2796 1388 2875 illae
1407 2863 1418 2897 ,
1434 2792 1497 2877 sed
1515 2795 1639 2875 multis
1658 2793 1937 2875 saxisconfeciu·

649 2894 742 2979 lunt.
764 2904 861 2979 Haec
880 2900 930 2979 ad
946 2900 1071 2981 forum
1089 2907 1228 2981 Nerva:
1246 2908 1438 3011 pertinent
1457 2970 1467 3005 ,
1484 2931 1636 2983 necnon
1651 2903 1836 3013 reliquum
1848 2904 1934 2981 adi.

650 3004 798 3107 ficium,
815 3011 916 3114 cujus
932 3013 1028 3087 muri
1049 3013 1255 3089 etiamnum
1272 3015 1408 3121 integri
1427 3008 1624 3121 supersunt.

701 3115 730 3192 F
751 3141 773 3196 t
793 3142 820 3201 n
841 3144 872 3195 Μ
897 3144 909 3191 1
933 3145 959 3195 n
983 3147 996 3193 1
1016 3147 1045 3197 u
1065 3143 1081 3194 s
1124 3122 1159 3197 V
1183 3147 1210 3197 n
1230 3145 1253 3198 c
1277 3146 1300 3198 c
1321 3148 1359 3201 n.
1408 3123 1569 3201 Memini
1592 3118 1765 3198 audivillc
1794 3146 1853 3195 mc
1884 3119 1930 3194 ali

649 3223 817 3301 Horatio
838 3226 965 3303 Murio
984 3289 994 3321 ,
1012 3248 1053 3300 ut
1075 3250 1322 3304 exornaretur
1338 3226 1609 3307 Monastetium
1630 3228 1822 3334 quoddam
1843 3230 1929 3303 Mo.
1956 3225 1978 3257 ‘⁸

648 3326 801 3411 nialium
822 3395 832 3430 ,
840 3333 917 3438 Jam
934 3336 973 3408 iu
991 3328 1075 3411 foro
1091 3335 1132 3409 N
1135 3359 1230 3410 ervae
1246 3333 1418 3432 situm,in
1430 3329 1545 3411 solum
1555 3337 1718 3441 projecla
1726 3329 1825 3411 l'uillc
1836 3362 1928 3439 qust-
1953 3332 1976 3365 “

647 3437 738 3515 dam
753 3431 839 3515 saxa
855 3443 1033 3547 peperina
1049 3438 1192 3544 quadra
1209 3505 1220 3538 ,
1239 3448 1278 3518 ὃ(
1292 3444 1391 3521 inter
1404 3441 1480 3516 dno
1492 3440 1818 3546 quaquequadra,
1829 3437 1929 3519 soille
1955 3442 1979 3472 ‘⁸

646 3538 774 3624 assulas
788 3569 837 3623 ex
856 3544 1026 3653 quolibet
1043 3545 1186 3645 latere,
1209 3547 1258 3624 ad
1282 3544 1444 3624 formam
1470 3546 1596 3625 caude
1613 3546 1829 3624 hirundinis.
1857 3550 1928 3624 Sed
1955 3547 1978 3580 “

648 3648 752 3760 quod
769 3644 1002 3760 summopere
1020 3658 1138 3731 miror
1155 3719 1165 3751 ,
1181 3653 1304 3733 aiebat
1325 3655 1507 3733 Horatius
1525 3648 1747 3759 usqueadeo
1767 3649 1868 3730 linus
1892 3663 1929 3733 δε
1954 3652 1977 3686 “

646 3761 802 3838 sinceras
826 3755 924 3858 elle,
953 3783 995 3836 ut
1010 3756 1155 3867 pollent
1170 3761 1295 3839 adhuc
1317 3765 1356 3840 in
1373 3788 1464 3871 opus
1480 3760 1684 3839 admoveri.
1717 3759 1927 3870 Nullusque
1951 3760 1975 3900 Γ

1965 3868 1973 3902 s

1958 3117 1980 3152 ti

644 3869 821 3977 lignarius
836 3864 942 3948 faber
958 3864 1048 3976 ligni
1066 3890 1238 3945 naturam
1253 3872 1368 3947 novit.

697 3971 969 4054 Monastcrium
990 3973 1038 4051 de
1055 4001 1130 4079 quo
1149 3973 1361 4073 Flaminius,
1376 3974 1430 4054 est
1444 3974 1584 4053 ordinis
1601 3978 1829 4055 &Dominio
1842 4041 1851 4065 ,
1863 4002 1920 4050 ca.

644 4080 876 4163 techumenis
894 4078 1038 4159 seminis
1056 4080 1287 4159 instituendis
1307 4082 1542 4190 deputatum.
1561 4092 1664 4164 Saxa
1671 4097 1831 4185 pepernut
1843 4082 1922 4156 vul.

665 4192 747 4268 aria
766 4192 901 4268 Romae
919 4182 1002 4266 sunt
1020 4252 1030 4287 ,
1048 4183 1171 4265 ferreo
1187 4187 1335 4289 colore,
1351 4186 1576 4296 minorisque
1593 4217 1705 4295 quam
1723 4188 1924 4265 T'iliurtina

641 4214 835 4373 {imitatio
861 4296 925 4373 De
941 4298 1162 4403 incorrupto
1181 4299 1273 4376 item
1290 4298 1395 4409 ligno
1414 4300 1452 4374 in
1472 4294 1642 4376 Flaminii
1667 4294 1809 4375 schedis
1825 4293 1922 4376 infra

640 4422 783 4480 mentio
800 4425 936 4481 iteruin
955 4428 1036 4481 erit.

691 4512 736 4591 In
752 4504 839 4588 foro
854 4513 898 4590 N
900 4535 996 4592 etvae
1014 4534 1095 4594 erat
1114 4510 1298 4621 templum
1309 4513 1395 4617 Jani
1412 4511 1707 4697 quadriliontisc,
1734 4536 1811 4630 non
1829 4537 1920 4618 quu-

1716 4644 1736 4694 ί
1762 4644 1799 4724 llJ
