4352 5690
397 456 473 559 398
861 441 1269 542 Diariumltalicum.

451 568 541 649 Pisis
561 568 819 674 Florentiam,
835 572 1003 683 indeque
1024 577 1243 656 Bononiam
1270 579 1403 660 octavi
1429 582 1571 696 Aprilis
1595 592 1719 676 multa

398 685 511 762 nosle
539 686 711 763 venimus
736 680 985 795 :insequente
1009 684 1289 768 Monasterium
1316 694 1348 772 S.
1380 693 1536 776 Proculi
1553 702 1719 784 Benedi.

395 801 585 877 siinorum
602 793 871 908 eleganrillime
891 794 1070 876 stnielum
1117 801 1323 883 etimus:in
1335 804 1439 913 cujus
1449 812 1623 919 porticu,
1642 842 1719 925 qua

395 905 546 1023 respicit
563 908 743 1007 hortum,
773 906 821 985 ad
848 903 1012 988 alterum
1033 825 1128 1017 xysli
1150 914 1358 992 terminum
1387 917 1568 1000 Gratiani
1599 922 1716 1028 illius,

395 1020 489 1101 olim
521 1019 746 1101 Monasterii
774 1018 1029 1120 Monaclii,a
1057 1019 1328 1102 Decretalium
1354 1028 1632 1139 compilatione
1657 1033 1714 1115 fa·

395 1132 489 1212 mosi
500 1199 510 1231 ,
524 1132 645 1212 statua
660 1135 841 1244 erigitur3
862 1131 911 1211 ad
923 1130 1089 1210 alterum
1100 1156 1214 1234 vero,
1234 1135 1523 1243 Panormitam,
1542 1148 1608 1254 qui
1620 1143 1714 1227 olim

394 1248 577 1323 Bononia
588 1241 716 1322 studiis
733 1247 894 1323 vacavit.

446 1355 585 1433 Studiis
606 1352 740 1433 nostris
756 1376 1089 1465 peropportunum
1110 1349 1344 1437 offcndmm
1362 1361 1415 1439 D.
1437 1359 1650 1446 Marlilium
1666 1393 1715 1448 ex

390 1462 616 1543 nobilillima
631 1470 814 1544 Bononia
825 1464 960 1574 stirpe,
980 1468 1044 1572 qui
1063 1492 1185 1574 nuper
1203 1470 1241 1544 in
1262 1464 1479 1581 episcopum
1492 1473 1715 1557 Perusinum

390 1574 616 1656 eruditionis
637 1570 857 1685 virtutisque
879 1570 988 1653 caula
1003 1573 1142 1655 eleclus
1163 1574 1227 1656 est.
1250 1581 1377 1688 Hujus
1390 1578 1714 1697 aedesavirisqui.

390 1681 533 1796 busque
551 1685 671 1765 dusiis
688 1682 963 1795 frequentata,
976 1689 1041 1795 qni
1056 1682 1323 1789 statisdiebus,
1345 1689 1520 1772 derebus
1536 1694 1713 1776 Theolo-

388 1801 481 1909 gicis
500 1800 618 1877 adlini
632 1794 772 1876 eodeni
795 1795 1052 1876 confluebant.
1074 1800 1108 1875 ls
1124 1801 1241 1878 nosin
1253 1797 1530 1883 bibliothecam
1543 1807 1576 1885 S.
1588 1804 1714 1887 Salva

388 1913 482 1988 toris
499 1908 681 2007 deduxit,
700 1906 779 2018 qud
799 1907 980 2018 deinceps
992 1904 1297 1989 liorissuccesivis
1315 1912 1712 2030 concellimus,inspe.

387 2024 491 2099 dium
523 2018 697 2120 codices,
718 2021 783 2130 qni
803 2017 883 2100 istic
912 2047 991 2097 non
1015 2021 1148 2127 pauci,
1176 2020 1364 2102 vetustate
1384 2048 1502 2133 atque
1521 2024 1715 2138 elegantia

386 2126 604 2243 speciabiles
625 2128 784 2235 adsunt3
812 2154 971 2211 curante
997 2131 1051 2208 D.
1080 2129 1268 2212 Federico
1287 2133 1421 2213 Pallini
1440 2138 1519 2243 ejus
1540 2137 1712 2220 coenobii

387 2247 577 2322 canonico
589 2239 755 2353 regulari
765 2278 772 2321 :
782 2269 871 2320 nam
884 2239 1148 2353 Augustiniani
1158 2246 1335 2322 canonici
1345 2239 1449 2326 sedes
1464 2245 1543 2326 istic
1555 2246 1711 2332 babent.

390 2352 591 2435 Narrabat
609 2352 718 2433 nobis
738 2351 950 2455 Marfilius,
971 2352 1105 2431 Ariani
1131 2356 1368 2433 Montanum
1394 2357 1600 2468 impetrati
1617 2360 1712 2442 olim

391 2463 576 2546 facultate
597 2463 800 2567 codicum,
821 2462 938 2543 sicubi
956 2467 996 2542 in
1018 2459 1128 2542 ltalia
1147 2491 1419 2567 occurrerent,
1436 2470 1711 2574 emundonim,

392 2576 535 2655 multos
549 2604 596 2657 ex
626 2570 788 2675 nicaise,
817 2578 881 2684 qni
899 2576 975 2680 jani
998 2578 1038 2652 in
1064 2570 1302 2654 bibliotheca
1321 2578 1544 2661 Scorialenfi
1565 2581 1710 2685 latent,

392 2713 493 2767 aeut
515 2693 569 2766 ita
589 2604 738 2786 (licam,
757 2681 892 2797 sepulti
911 2679 1004 2763 sunt

446 2804 480 2880 A
504 2802 556 2879 D.
577 2804 612 2879 V
616 2797 807 2877 iceleoato
828 2822 946 2907 quem
965 2788 1134 2904 obsequii
1156 2793 1266 2875 causa
1290 2804 1561 2904 convenimus,
1584 2800 1710 2882 hono-

388 2908 495 2990 rifice
513 2912 664 3019 excepti
681 2865 739 2988 ad
748 2904 996 3020 pisciilentani
1020 2901 1188 2987 mensam
1210 2910 1360 2990 invitati
1379 2938 1426 2989 ac
1443 2911 1547 2991 laute
1567 2911 1712 3020 babiti,

389 3021 573 3133 palatium
593 3019 705 3099 Urbis
724 3018 832 3129 quod
857 3018 993 3098 incolit
1012 3013 1087 3128 ipse
1109 3016 1357 3100 lustravimus.
1395 3021 1545 3104 Ibidem
1562 3027 1604 3102 in
1628 3025 1709 3103 udo

388 3135 579 3322 depiclaiii
597 3130 760 3209 vidimus
776 3128 973 3209 liistoriam
994 3130 1133 3208 Hentii
1156 3130 1337 3209 Sardinia
1359 3136 1498 3236 Reos,
1523 3139 1588 3245 qui
1619 3164 1708 3216 cum

388 3243 436 3325 be
456 3245 533 3323 lum
559 3239 860 3322 Bononiensibus
877 3230 1051 3323 movillet
1066 3305 1077 3342 ,
1094 3237 1144 3317 ab
1164 3236 1296 3322 iisdem
1316 3204 1450 3355 captui
1470 3243 1525 3327 est
1545 3282 1553 3326 ε
1575 3271 1634 3326 res
1650 3245 1709 3325 liis

387 3352 619 3438 carminibus
642 3356 872 3434 enuntiatur,

495 3575 634 3686 Felfina
649 3576 825 3657 Sardiniae
840 3570 1027 3685 regemfibi
1043 3572 1168 3650 vincla
1183 3585 1376 3653 minantem

551 3700 594 3767 V
592 3689 699 3766 isirix
710 3698 890 3791 captivum
902 3682 1029 3789 confide
1044 3708 1173 3762 ovante
1191 3682 1326 3764 trabit:

495 3810 543 3879 N
544 3827 580 3876 ec
592 3810 710 3901 patris
727 3810 867 3901 imperio
895 3788 1006 3898 cedit,
1033 3823 1093 3873 nec
1108 3808 1247 3899 capitur
1266 3827 1360 3881 auro.

546 3918 606 3990 Sic
627 3938 710 3987 cane
729 3939 792 3988 non
807 3937 932 4020 magno
940 3905 1033 4021 sirpe
1051 3930 1184 3986 tenetur
1196 3931 1286 4012 aperi

443 4128 655 4209 Historiam
684 4132 838 4239 ignorat
864 4155 1003 4228 nemo,
1032 4156 1105 4209 nec
1130 4128 1185 4210 est
1210 4156 1255 4210 ea
1282 4128 1347 4207 liic
1375 4126 1547 4238 pluribus
1571 4157 1705 4214 recen-

386 4240 509 4324 lenda.

440 4350 682 4453 Undecima,
699 4351 942 4431 S.Dominici
953 4348 1233 4431 Monasteriutn
1248 4349 1397 4428 adimus
1413 4415 1424 4450 ‚
1449 4350 1594 4432 ordinis
1610 4348 1704 4461 ejus.

386 4467 476 4547 dem
497 4467 662 4543 nominis
682 4483 816 4571 caput,
833 4464 872 4539 in
892 4488 971 4572 quo
989 4489 1126 4572 corpus
1145 4462 1178 4541 S.
1197 4462 1398 4541 Dominici
1413 4456 1629 4543 affervatur.
1660 4468 1706 4543 ln

386 4577 515 4688 platea
533 4600 622 4654 ante
642 4570 849 4656 Ecclesiam
870 4566 1040 4681 sepulcra
1059 4570 1251 4683 permulta
1267 4567 1351 4651 sunt
1370 4571 1601 4683 pyramidali
1624 4572 1704 4653 for-

388 4688 451 4767 mal
467 4723 475 4766 :
494 4684 556 4764 sed
586 4690 718 4765 omnia
745 4682 796 4761 ad
821 4677 996 4793 sequiora
1014 4678 1147 4761 secula
1180 4687 1376 4794 pertinent
1396 4719 1405 4761 ε
1426 4687 1557 4765 necin
1575 4683 1706 4795 platea

389 4797 537 4900 modo,
563 4825 697 4881 verum
715 4805 754 4879 ὃ(
772 4797 811 4877 in
827 4792 1025 4909 peristyliis
1048 4788 1201 4904 aliisque
1232 4791 1458 4874 Monasterii
1481 4793 1607 4897 locis,
1636 4824 1703 4874 oc-
