4060 5700
667 519 702 598 P
739 517 772 602 R
808 517 864 599 AE
891 521 923 602 F
959 518 994 601 A
1026 514 1062 600 T
1093 516 1122 601 I
1154 522 1199 601 0.

245 676 304 735 er
328 637 447 767 apud
472 644 735 761 Gruterum,
760 632 1042 756 Reinesruin,
1061 649 1276 772 Sponium
1296 640 1562 778 ‚caeterosque

245 770 576 907 inscriptionum
602 775 861 870 colleerores
880 772 1283 910 deprehenduntur.
1328 784 1376 871 In
1393 780 1566 878 deleciu

246 947 380 1048 porro
402 949 554 1007 earum
584 949 679 1047 qua
704 923 751 1007 in
776 919 934 1008 Diario
957 911 1104 1007 iocum
1130 912 1294 1011 liabent
1318 913 1407 1009 illas
1432 921 1564 1013 eden.

245 1052 322 1145 das
346 1050 470 1169 duxi,
499 1085 594 1181 quat
614 1046 681 1142 vel
694 1043 929 1144 occasione
945 1050 1142 1184 quadam
1167 1053 1223 1145 ad
1239 1048 1390 1147 seriem
1416 1090 1562 1151 narra-

245 1195 371 1281 tionis
391 1186 634 1304 accedunt,
654 1186 723 1281 vel
739 1179 976 1317 conspicuis
999 1197 1044 1283 in
1064 1185 1170 1282 locis
1191 1184 1341 1322 posita
1364 1202 1558 1325 peregri-

244 1321 447 1417 nantibus
482 1323 537 1416 ad
566 1360 747 1418 manum
777 1332 970 1418 veniunt.
1023 1325 1232 1458 Reliquas
1258 1322 1558 1459 inscriptiones

242 1472 286 1553 in
314 1453 590 1593 sequentibus
612 1469 741 1555 tornis
766 1459 898 1553 edere
923 1467 1094 1555 animus
1122 1505 1132 1559 ε
1161 1497 1438 1596 quamquam
1463 1500 1556 1561 non

244 1590 395 1689 desunt
420 1607 498 1729 qui
521 1631 748 1733 peroptent
762 1594 1074 1691 collectionem
1093 1590 1425 1727 inscriptionum
1444 1608 1559 1695 Grae·

243 1768 396 1826 carum
412 1742 753 1866 Latinarumque
768 1742 986 1865 integram
1007 1742 1175 1867 parari;
1201 1732 1276 1829 ubi
1300 1728 1405 1828 crim
1429 1772 1556 1832 nova·

243 1904 433 2001 quaque
452 1870 600 1965 iocum
615 1869 872 1989 obtineant,
895 1904 988 1964 turn
1001 1881 1092 1996 jam
1113 1872 1283 2003 pridem
1303 1865 1409 1966 cusae
1431 1871 1487 1965 ad
1506 1871 1558 1968 fi-

244 2011 347 2098 dem
378 2042 650 2103 marmorum
683 2000 979 2105 resarciantur.
1022 2008 1126 2133 Qa
1153 2007 1207 2101 de
1229 2043 1275 2101 re
1302 2003 1558 2104 consulendi

243 2176 413 2273 tempus
430 2144 581 2240 aderit.

310 2285 358 2369 ln
390 2273 558 2372 Mosais
593 2276 746 2373 itidem
771 2274 980 2410 pseraque
1017 2271 1374 2377 observavimus:
1403 2286 1462 2377 At
1494 2290 1556 2376 uti

240 2409 333 2508 sere
354 2411 403 2508 sit
427 2450 516 2508 non
536 2448 734 2547 optaram
763 2422 811 2508 iis
833 2448 1015 2547 operam
1042 2424 1340 2546 peregrinanti
1361 2414 1558 2548 profiteri

242 2545 305 2646 sas
329 2550 414 2671 est,
445 2586 592 2683 neque
617 2584 742 2646 vacat
769 2550 1015 2682 expendere
1043 2544 1226 2682 singula.
1260 2552 1476 2649 Custodes
1506 2549 1556 2649 si·

242 2689 427 2821 quidem
452 2696 529 2822 qui
554 2724 686 2781 unam
712 2683 951 2781 exhibendi
986 2722 1139 2780 curam
1172 2685 1366 2801 liabent,
1397 2700 1556 2823 repeti.

241 2860 334 2919 tum
354 2816 603 2956 frequenter
628 2818 822 2917 officium
841 2860 934 2918 non
957 2817 1046 2917 sine
1069 2818 1290 2919 nausea&
1316 2825 1447 2920 radio
1462 2864 1555 2921 exe-

242 2998 455 3097 quentes,
483 2954 785 3096 properantius
812 2996 950 3092 quam
980 2996 1004 3053 e
1035 2996 1081 3054 te
1103 2954 1219 3055 soret
1244 2958 1441 3056 lustranti
1461 3000 1558 3059 mu-

241 3097 511 3197 nusobeunt.

311 3242 610 3329 Monuinenta
633 3266 779 3329 vetera
795 3242 1031 3365 &antiqua
1048 3229 1223 3327 urbium
1245 3231 1430 3326 aedificia
1460 3236 1558 3331 diii-

242 3385 412 3505 gentius
439 3370 770 3505 exploravimus.
800 3380 848 3463 ln
864 3378 1310 3504 Romanisveroquae
1330 3368 1462 3502 longe
1477 3410 1558 3465 cae.

241 3520 341 3603 teris
358 3542 755 3627 praeuntnnmero,
769 3505 1057 3627 amplitudine
1073 3504 1347 3636 &elegantia
1363 3543 1557 3639 ,magno

244 3637 370 3740 nobis
393 3638 614 3738 usuisuere
634 3642 799 3740 schedae
820 3640 1023 3739 Flaminii
1043 3654 1204 3738 Vaccae
1225 3641 1437 3736 haftenus
1462 3656 1557 3738 ine.

246 3785 373 3903 ditae,
404 3818 498 3917 qua:
526 3780 581 3877 ab
614 3793 737 3877 annis
764 3781 854 3911 plus
883 3816 1063 3873 centum
1088 3786 1133 3871 in
1156 3776 1347 3873 tenebris
1378 3778 1554 3876 latuere.

245 3930 295 4014 [t
324 3928 473 4014 mirari
500 3912 600 4013 sane
626 3914 763 4034 subit,
785 3912 910 4011 hasce
936 3950 1134 4009 veterum
1164 3950 1558 4011 monumentorum

245 4050 548 4177 recensiones,
570 4065 692 4188 queis
717 4067 926 4151 Romana
947 4049 1060 4145 bene
1087 4050 1251 4173 multa,
1275 4058 1438 4144 intacra
1459 4050 1559 4146 liar.

248 4226 370 4287 tetius
401 4193 579 4311 rudera,
613 4190 776 4323 templa
796 4185 1040 4321 studiaque
1065 4184 1386 4304 describuntur,
1412 4190 1561 4320 negle-

247 4317 1560 4463 {iassuisse3quandomaximdaFloravatiteMartineslo,non

246 4469 477 4563 instrenuo
505 4474 775 4599 antiquitatis
804 4465 1062 4593 indagatore
1087 4454 1446 4579 laudataesuere,
1484 4474 1557 4594 qui

250 4601 529 4701 Martineiius
544 4602 800 4697 earumdem
820 4596 1077 4696 schedarum
1100 4632 1313 4731 compos,
1337 4600 1442 4691 duas
1456 4600 1559 4696 inde

250 4740 418 4836 notulas
447 4749 584 4860 eruit,
612 4732 824 4873 nobisque
851 4746 1000 4833 omnia
1018 4734 1275 4868 publicandi
1288 4743 1564 4869 provinciam

1372 4870 1562 5003 reliquit,
