4414 5692
368 487 449 573 254
855 442 1043 543 Diarium
1067 447 1269 548 Italicum.

320 609 346 647 υ
368 581 492 661 Marti
511 577 695 661 dicatum.
725 580 827 659 Haec
843 577 923 684 jam
943 576 1109 691 vulgaris
1129 586 1261 694 opinio
1280 588 1463 665 manavit.
1502 586 1694 696 Capitella

320 721 345 758 »ι
367 705 586 773 memorata
610 693 651 769 in
666 686 810 768 aedibus
830 685 1038 769 Gallorum
1057 691 1187 771 adhuc
1208 692 1359 775 exstant
1378 762 1390 796 ,
1412 726 1495 806 quat
1516 703 1553 778 in
1574 701 1633 775 via
1651 701 1694 777 de

318 832 343 868 ’³
365 815 520 888 zeutan·
546 815 559 908 (
581 804 608 881 ii
631 795 715 878 sunt
741 795 876 877 fidium
905 799 1098 900 artifices)
1121 828 1212 886 ante
1228 805 1413 918 palatium
1442 805 1692 892 Cancellariae

316 940 342 980 υ
363 906 459 997 sunt.

414 1028 491 1106 His
508 1030 548 1105 in
569 1017 740 1135 partibus
757 1020 837 1103 Ara
854 1091 865 1119 ,
884 1026 1056 1135 itemque
1076 1025 1177 1105 aedes
1191 1028 1331 1106 Martis
1349 1052 1434 1107 erat
1451 1094 1462 1129 ,
1482 1029 1591 1139 quod
1610 1029 1689 1111 for.

362 1131 452 1217 talle
477 1136 704 1245 conjeciurae
729 1131 909 1215 Flaminii
934 1132 1076 1217 faveat.
1112 1130 1290 1243 Ejusdem
1314 1132 1399 1216 lunt
1419 1167 1503 1248 qua
1526 1135 1688 1252 sequun.

361 1267 436 1327 tur.

312 1390 337 1426 ’ν
410 1361 456 1439 ln
476 1382 553 1469 qua
569 1363 632 1440 via
648 1357 827 1440 habitant
847 1354 982 1437 fidium
991 1354 1174 1459 artifices,
1184 1362 1361 1470 proxime
1372 1357 1558 1470 palatium
1578 1360 1680 1442 Can.

311 1501 336 1538 ν»
360 1467 550 1569 cellariae,
571 1491 748 1582 tempore
764 1466 855 1581 Julii
880 1469 992 1579 Papa
1023 1471 1090 1549 111.
1111 1471 1270 1549 memini
1286 1493 1481 1582 repertam
1498 1465 1602 1551 foille
1621 1468 1687 1551 sub

310 1611 336 1649 a>
359 1579 458 1662 cella
478 1583 623 1660 vinaria
642 1582 817 1677 Pompeii
833 1577 997 1660 statuam
1016 1606 1304 1683 marmoream,
1332 1580 1552 1693 palmorum
1574 1587 1685 1691 quin.

309 1722 335 1760 υ
358 1691 487 1773 decim
508 1697 528 1793 ί
541 1692 582 1770 id
598 1697 642 1797 est
659 1754 673 1788 ,
688 1679 813 1798 perium
828 1701 993 1801 regiorum
1008 1690 1120 1769 decem
1129 1697 1174 1790 ),
1194 1694 1234 1769 in
1255 1693 1361 1799 cujus
1376 1691 1480 1771 collo
1496 1690 1684 1774 firndaba-

309 1833 335 1871 n
357 1827 420 1883 tur
437 1792 637 1885 medianus
657 1828 786 1882 murus
808 1845 819 1902 5
839 1803 895 1879 ita
911 1822 955 1879 ut
978 1823 1095 1911 caput
1113 1798 1280 1881 exstaret
1296 1806 1336 1881 in
1348 1800 1470 1881 domo
1482 1806 1596 1882 vicini
1604 1807 1684 1912 ejus

308 1944 334 1981 υ
356 1918 421 2025 qui
441 1911 629 1994 fodiendo
647 1910 837 2024 reliquam
852 1907 1016 1991 statuam
1036 1907 1248 1993 detexerat.
1289 1914 1399 1992 Hinc
1419 1910 1463 1991 lis
1479 1917 1581 1994 inter
1601 1942 1680 1994 am.

308 2055 333 2092 υ
356 2022 425 2105 bos
442 2028 614 2106 exoritur
632 2060 641 2104 :
662 2051 752 2105 nam
771 2045 934 2133 uterque
955 2015 1027 2102 sese
1044 2019 1174 2101 statuae
1190 2020 1394 2103 dominum
1412 2022 1681 2108 arbitrabatur.

306 2167 331 2203 >³
355 2139 436 2324 (pli
462 2134 628 2216 statuam
655 2157 881 2245 repererat,
905 2129 1105 2245 pugnabat
1128 2126 1230 2211 suam
1258 2127 1331 2214 elle
1348 2161 1466 2245 quam
1484 2131 1682 2218 invenillct

305 2278 330 2313 υ
352 2250 364 2323 i
406 2256 512 2348 e,&
532 2248 638 2326 cu'us
656 2249 824 2325 maxima
870 2270 929 2321 ars
951 2248 991 2322 in
1007 2241 1152 2323 aedibus
1170 2239 1261 2323 effet
1280 2239 1359 2325 suis.
1386 2243 1499 2326 Alter
1516 2271 1679 2328 conten-

305 2388 329 2424 »
353 2274 472 2438 lebat
492 2357 542 2437 ad
566 2275 602 2437 le
622 2360 816 2467 pertinere
835 2270 1028 2457 laruam,
1054 2354 1159 2462 cujus
1178 2379 1294 2465 caput
1318 2421 1329 2456 ,
1351 2353 1520 2435 nobilior
1538 2353 1681 2440 scilicet

305 2499 329 2534 n
380 2473 481 2547 ortio
502 2535 512 2571 ,
533 2495 649 2579 penes
664 2463 699 2548 le
717 2466 825 2546 domi
844 2461 935 2545 ellet
954 2511 964 2568 5
991 2491 1040 2547 ex
1085 2493 1135 2543 uo
1152 2466 1257 2544 cu'us
1275 2469 1365 2545 icon
1381 2462 1681 2577 elletdignosce-

351 2496 475 2658 batur.
499 2580 601 2659 Cum
621 2578 687 2657 diu
705 2575 779 2656 hac
795 2574 845 2656 de
865 2602 907 2656 re
925 2573 1011 2656 lino
1062 2598 1131 2657 ent
1151 2642 1162 2677 ,
1180 2492 1355 2657 lecrevit
1375 2575 1534 2657 demum
1555 2583 1677 2692 impe-

305 2610 329 2646 Ἰ)

303 2722 328 2757 υ
351 2693 442 2767 ritus
457 2688 575 2798 judex
593 2713 635 2767 ut
655 2682 820 2769 excisum
840 2710 956 2798 capot
973 2646 1073 2767 alter
1090 2690 1310 2876 acciperet,
1327 2686 1426 2767 alter
1445 2717 1538 2768 vero
1568 2714 1677 2770 trun-

302 2833 327 2867 υ
351 2827 438 2879 cum
457 2798 683 2902 obtineret,
703 2824 819 2909 atque
837 2801 892 2877 ita
910 2796 1045 2910 singuli
1065 2826 1149 2909 quae
1195 2802 1274 2878 omi
1294 2797 1481 2879 tenebant
1497 2803 1677 2912 impetra

303 2943 327 2979 υ
350 2935 446 2990 rent.
485 2906 670 2992 Miserum
702 2909 931 3021 Pompeium
953 2939 960 2989 ε
981 2910 1127 2988 Annon
1141 2902 1226 2989 satis
1242 2934 1326 2989 erat
1345 2935 1461 3020 caput
1477 2910 1678 3020 ipsral'to-

302 3053 327 3089 u
351 3019 487 3101 lemaeo
517 3043 760 3133 amputatum
781 3086 792 3122 ,
820 3044 864 3099 ut
882 3024 1000 3102 etiam
1019 3045 1239 3100 marmorea
1257 3021 1337 3128 ejus
1353 3018 1476 3099 statua
1496 3023 1537 3100 in
1557 3020 1677 3104 limile

301 3165 326 3200 υ
348 3133 562 3243 periculum
583 3136 731 3212 veniret
751 3155 762 3212 Ξ
783 3131 836 3209 At
860 3159 947 3209 cum
968 3155 1049 3210 tam
1066 3129 1170 3210 stulti
1190 3129 1321 3237 judicii
1342 3128 1448 3209 fama
1467 3128 1518 3209 ad
1535 3134 1675 3213 Cardi-

301 3274 325 3311 υ
349 3243 477 3325 nalem
498 3257 597 3347 Carpo
614 3243 752 3341 diferro
773 3235 1011 3341 devenillet,
1039 3233 1255 3321 abscissione
1280 3234 1521 3351 supersedere
1547 3244 1675 3349 julite,

300 3385 325 3421 a>
340 3355 564 3464 loliumque
584 3357 728 3463 Papam
748 3349 881 3431 adiens
899 3378 980 3429 rem
1003 3354 1037 3428 ei
1060 3349 1315 3431 denuntiavit.
1346 3355 1449 3429 Tam
1462 3355 1674 3436 immanem

300 3496 324 3530 υ
350 3461 577 3545 sententiam
600 3468 759 3541 miratus
777 3458 983 3561 Pontifex,
1002 3461 1098 3568 jullrt
1108 3464 1483 3571 quamprimumerui
1499 3461 1549 3540 ad
1560 3458 1673 3575 seque

300 3605 324 3641 u
349 3574 489 3656 deferri
506 3574 669 3655 statuam
692 3620 701 3676 3
720 3581 760 3653 ὃ(
778 3638 789 3674 ,
809 3575 848 3650 ni
867 3570 978 3651 labor
994 3574 1203 3672 memoria,
1223 3575 1454 3681 quingentos
1470 3576 1571 3653 inter
1585 3603 1671 3685 par.

300 3717 325 3752 a>
348 3709 404 3765 tes
431 3685 659 3765 dividendos
685 3711 863 3762 nummos
888 3679 999 3761 solvit
1025 3748 1036 3782 ,
1060 3681 1302 3790 statuamque
1331 3680 1530 3761 Cardinali
1560 3687 1671 3798 Capo

301 3829 326 3862 »
349 3797 388 3873 di
403 3793 506 3876 ferro
527 3797 634 3875 dono
656 3793 808 3873 obtulit.
829 3792 1019 3872 Pontifice
1039 3789 1159 3903 digna
1178 3784 1264 3871 sane
1282 3788 1487 3893 sententia,
1502 3790 1670 3908 opusque

300 3937 325 3972 >³
349 3904 474 3985 ferreo
503 3911 616 4016 capiti
644 3930 889 4018 congrueni,
918 3907 958 3982 in
993 3904 1098 4010 cujus
1115 3900 1258 3980 adibus
1274 3900 1323 3979 ad
1339 3927 1502 4012 pontem
1524 3908 1671 3988 sixtum

301 4048 325 4084 ‘a
347 4015 470 4097 statua
482 4015 657 4097 consistit.

402 4127 615 4209 Historiam
655 4128 898 4245 Pompeiana
927 4122 1058 4203 statuar
1083 4150 1131 4201 ex
1149 4120 1327 4202 Flaminii
1353 4115 1501 4202 schedis
1528 4125 1670 4208 adtulit

346 4237 591 4319 Martinellus
610 4242 650 4315 in
670 4234 852 4347 opulculo
871 4248 989 4315 Roma
1008 4249 1175 4312 rrrerrara
1191 4228 1371 4344 inscripto
1393 4256 1403 4312 3
1427 4258 1561 4314 catera
1574 4234 1666 4345 ejus-

346 4349 437 4429 dern
463 4342 666 4429 observatu
695 4346 873 4456 digniora
901 4345 1102 4457 neglexit,
1123 4372 1206 4452 quae
1227 4372 1296 4421 nos
1322 4346 1399 4450 jam
1418 4343 1558 4454 publici
1577 4350 1667 4456 juris

346 4459 515 4540 facimus,
545 4463 677 4540 Statua
697 4485 816 4567 porro
841 4453 1070 4567 conspicitur
1093 4453 1210 4534 hodie
1232 4453 1432 4532 madibus
1453 4456 1669 4538 Cardinalis

350 4571 481 4679 Spadae
501 4570 552 4650 ad
598 4593 733 4649 ontem
744 4564 1409 4677 Sixturn‚ubipriml1maCardinali
1420 4565 1530 4677 Capo
1542 4566 1665 4651 difer-

348 4710 393 4758 ro
410 4598 607 4762 eretlael.

404 4790 494 4903 Qu
512 4796 588 4872 itur
607 4791 657 4870 ad
674 4788 874 4872 ecclesiam
895 4792 929 4870 S.
946 4788 1114 4870 Andreae
1130 4787 1179 4868 de
1189 4785 1327 4889 Valle,
1343 4814 1555 4870 occurrunt
1568 4790 1668 4872 aedes
