4414 5692
990 366 1117 482 Caput
1136 350 1328 444 decimum
1339 347 1567 481 stptimum.
1834 390 1916 474 245

596 484 838 605 peramplum
859 480 975 563 causis
991 480 1196 562 tradendis
1213 479 1435 581 aedilicium,
1453 478 1775 587 judiciariumque
1789 474 1919 561 forum

597 602 789 685 excitavit.
809 597 908 676 Non
923 593 1040 781 longe
1058 590 1149 672 inde
1168 590 1237 670 sita
1246 615 1376 689 vetera
1392 593 1518 701 campi
1530 592 1665 671 Martii
1676 583 1920 699 septafuere‚

600 739 684 826 quae
703 734 848 790 nomen
866 703 988 785 indidi
1002 731 1042 785 ‘e
1063 704 1189 782 monti
1206 705 1337 813 opinio
1355 700 1632 782 nonnullorum
1647 723 1731 782 erat
1751 765 1762 802 ,
1783 700 1919 783 iidem.

600 850 675 935 que
695 842 871 901 montem
887 842 910 895 a
930 809 1039 927 septis
1058 824 1275 917 Semurium,
1300 819 1341 892 bc
1365 811 1541 922 populari
1566 807 1631 891 usu
1649 810 1792 893 deinde
1809 812 1920 892 Cito-

597 940 698 1017 tium
721 933 936 1010 vocitatum
953 923 1269 1038 augurabantur:
1296 950 1464 1031 quorum
1482 926 1640 1034 opinio,
1670 923 1853 1027 detedla,
1878 946 1922 1004 ut

599 1042 757 1158 quidem
781 1066 964 1141 autum0‚
986 1064 1078 1117 vera
1094 1039 1198 1114 vocis
1218 1037 1387 1145 origine,
1405 1031 1503 1113 stare
1523 1037 1668 1142 nequit.

655 1151 893 1237 Intermedio
913 1141 1072 1230 decurso
1096 1144 1223 1226 viculo
1244 1211 1255 1246 ,
1272 1168 1483 1223 occurrunt
1501 1143 1733 1225 nobilissima
1751 1152 1926 1257 porticus

600 1270 738 1347 veteris
762 1262 955 1372 reliquia,
974 1257 1158 1338 undecim
1186 1254 1374 1335 columnis
1402 1254 1538 1335 striatis
1556 1255 1693 1336 ordine
1711 1258 1920 1338 Corinthio

601 1406 688 1457 cum
710 1375 785 1455 basi
809 1376 955 1472 Attica,
973 1365 1504 1481 capitella,zophorusatque
1523 1374 1675 1447 coronis
1685 1364 1773 1449 scite
1788 1366 1920 1451 elabo-

599 1513 693 1569 rata.
725 1491 819 1567 Sunt
839 1487 905 1593 qui
931 1483 1245 1593 Argonautarum
1261 1480 1456 1589 porticum
1478 1473 1581 1558 fuisse
1599 1476 1832 1560 arbitrentur
1852 1518 1860 1559 ι
1881 1504 1928 1560 at·

631 1604 667 1677 ui
694 1597 835 1677 rudera
863 1596 1027 1707 porticui
1055 1589 1240 1671 harentia
1257 1592 1440 1701 proximis
1459 1584 1597 1667 tacitns
1617 1586 1925 1702 conspexerunt,

601 1628 768 1790 sormam
789 1704 923 1817 templi
941 1706 1019 1814 ejus
1040 1704 1189 1813 generis
1206 1699 1313 1810 quod
1333 1694 1659 1811 pseudodipteron
1680 1729 1850 1805 vocant,
1880 1703 1920 1780 id

600 1819 677 1922 est,
693 1818 760 1899 alis
776 1844 893 1927 atque
904 1808 1253 1896 columnationibus
1270 1813 1308 1889 in
1320 1808 1467 1889 ambitu
1487 1833 1572 1888 toto
1584 1811 1827 1913 decoratum,
1839 1809 1923 1893 suis-

601 1925 636 2012 se
661 1929 820 2009 tradunt
842 1973 852 2031 3
882 1936 920 2008 &
946 1926 1137 2005 Antonini
1165 1914 1390 2032 Philosophi
1416 1948 1462 1999 ex
1482 1915 1726 2030 inscriptione
1743 1928 1925 2033 proxime

601 2066 739 2141 eruta,
765 2035 917 2149 peculio
938 2044 977 2116 ὃ(
990 2060 1109 2224 opera
1132 2036 1343 2113 excitatum
1360 2029 1573 2110 aestimant:
1597 2056 1712 2141 atque
1730 2032 1800 2113 else
1822 2059 1921 2113 tem-

601 2150 710 2266 plum
733 2148 987 2232 D.Antonini
1033 2171 1146 2254 equo
1162 2141 1561 2245 P.Vistor:Tenzplum
1579 2151 1631 2223 D.
1651 2152 1925 2222 Antonianum

601 2260 751 2344 cochlide
767 2261 922 2339 columma
929 2320 941 2354 ‚
958 2288 1035 2367 quse
1054 2260 1098 2361 (β
1113 2254 1194 2334 alta
1200 2252 1306 2360 pedes
1323 2263 1545 2335 CLXXV.
1565 2248 1671 2330 habet
1686 2264 1779 2333 intes
1791 2256 1928 2364 gnadun

602 2383 795 2459 CCXVI.
817 2368 862 2465 ἄν
869 2367 1066 2474 fenestellas
1076 2377 1189 2448 LVI.

657 2486 685 2566 F
708 2512 731 2564 t
751 2510 779 2563 n
800 2511 833 2564 nr
857 2511 869 2561 1
894 2508 922 2561 u
946 2509 962 2559 ι·
980 2505 1047 2561 us
1078 2483 1113 2559 V
1136 2504 1165 2557 A
1186 2504 1209 2557 c
1235 2503 1319 2558 cn.
1349 2474 1524 2556 Plateam
1536 2474 1834 2588 ubiOrpbanuli
1852 2475 1920 2557 ha.
1946 2491 1979 2528 ‘⁸

602 2595 750 2697 bitant,
768 2621 870 2673 nunc
881 2593 918 2670 di
928 2614 1023 2697 prete
1033 2617 1159 2667 nuncu
1191 2585 1421 2689 atam,olim
1432 2589 1469 2663 αἰ·
1473 2601 1584 2691 pierre
1600 2591 1810 2667 vocitatam
1821 2585 1920 2668 rese.
1946 2603 1978 2640 ‘⁶

603 2732 713 2787 rente
730 2729 839 2817 patre
856 2728 946 2782 meo
964 2704 1096 2810 accepi
1111 2746 1120 2803 5
1133 2616 1250 2809 idipue
1267 2697 1318 2777 ob
1336 2701 1534 2809 ingentem
1545 2724 1721 2780 veterum
1732 2697 1923 2810 fragmen·
1947 2714 1981 2752 ‘⁰

604 2843 734 2898 torum
755 2819 905 2927 copiam
926 2880 937 2914 ,
957 2810 1100 2892 ibidem
1116 2814 1301 3001 proximis
1319 2804 1457 2887 sarculis
1468 2804 1647 2888 effossam.
1660 2811 1771 2889 Dum
1782 2808 1924 2891 eodem
1948 2825 1980 2861 ‘⁹

604 2927 723 3030 loco,
749 2954 812 3007 me
831 2920 1061 3036 mspeclante
1081 2989 1092 3024 ,
1133 2920 1325 3021 oderent,
1347 2915 1592 3031 deprehensae
1612 2913 1697 2999 sunt
1715 2916 1817 3001 bases
1835 2949 1923 2999 cum
1948 2935 1979 2973 “·

605 3038 784 3148 trophaeis
804 3045 841 3117 ἃ
858 3037 1014 3145 captivis
1034 3100 1044 3134 ,
1065 3034 1349 3143 provinciarum
1370 3032 1491 3141 typi53
1510 3029 1707 3139 hodieque
1719 3029 1926 3153 pariamul-
1949 3046 1982 3083 ‘⁰

606 3175 647 3230 ta
666 3154 860 3259 reperiunt
881 3138 1175 3252 memoratisque
1192 3142 1343 3243 nmilia,
1361 3169 1444 3250 quae
1457 3142 1506 3218 ad
1518 3141 1833 3222 idemedr'licium
1851 3142 1926 3253 spc-
1951 3158 1975 3194 ‘⁸'

606 3257 772 3342 stabant.
788 3261 905 3341 Emta
922 3254 1065 3334 ibidem
1088 3249 1171 3331 sttnt
1190 3280 1262 3331 ana
1292 3251 1412 3364 lypha
1429 3259 1467 3331 ἃ
1485 3247 1613 3355 balet,
1633 3281 1725 3362 quas
1747 3277 1850 3348 tute,
1869 3256 1927 3332 vir
1952 3269 1983 3306 “-

608 3372 698 3452 clar.
715 3376 755 3449 in
775 3364 910 3448 mttsaeo
928 3364 1156 3445 Farnesiano
1177 3281 1311 3443 vidisli.
1952 3380 1983 3417 ί·

662 3478 870 3562 vetustatis
887 3476 1141 3589 fragmentaa
1165 3473 1354 3553 Flaminio
1373 3471 1580 3575 recensita,
1598 3476 1644 3554 ad
1658 3470 1773 3585 ipsum
1788 3475 1840 3554 D.
1852 3475 1930 3554 An.

608 3597 732 3674 tonini
751 3587 941 3700 templum
958 3579 1177 3775 pertinuisse
1199 3610 1394 3697 putantur.

665 3706 789 3783 Parvo
808 3705 956 3780 interva
973 3697 1012 3776 lo
1031 3698 1223 3775 dirimitur
1243 3694 1463 3808 Collegium
1483 3695 1577 3773 illud
1599 3700 1819 3776 Romanum
1843 3698 1930 3778 RR.

610 3817 684 3896 PP.
702 3808 929 3925 jesuitarum
947 3876 957 3909 ‚
978 3837 1067 3887 cum
1094 3804 1378 3917 amplitudine,
1402 3831 1482 3885 tum
1514 3806 1758 3885 arlinciorezn
1780 3875 1786 3889 ,
1817 3834 1931 3915 :xlae

612 3924 778 4007 ecclefiae
796 3927 835 4002 in
855 3924 984 4035 primis
1003 3917 1317 4031 magnificentii,
1342 3923 1528 4000 Romanis
1549 3915 1726 3995 omnibus
1747 3918 1933 3994 caenobiis

610 4034 935 4131 anteferendum,
966 4060 1049 4141 quat
1069 4033 1288 4109 minutatim
1310 4032 1349 4107 in
1369 4028 1554 4139 evulgatis
1574 4028 1685 4105 Urbis
1711 4023 1936 4135 descriptio-

611 4146 720 4227 nibus
740 4176 786 4227 ex
816 4146 1022 4226 enduntur.
1041 4143 1148 4221 Huic
1167 4138 1425 4220 construendo
1443 4133 1603 4217 aedificio
1625 4138 1716 4216 dom
1739 4160 1934 4235 vacarent,

611 4258 771 4371 parandi
789 4176 870 4336 loci
885 4264 922 4336 bc
941 4249 1044 4363 spatii
1066 4245 1172 4331 cauli
1189 4247 1268 4329 solo
1288 4276 1445 4361 thttatae
1462 4249 1616 4330 suerum
1636 4273 1781 4327 veteres
1803 4250 1834 4325 S.
1856 4247 1934 4323 An-

613 4373 711 4450 tonii
727 4377 765 4447 bc
787 4372 818 4447 S.
840 4371 969 4447 Mauri
991 4362 1167 4445 ecclesia.

667 4482 696 4558 F
709 4507 731 4558 L
746 4508 772 4556 n
789 4509 820 4558 n
836 4509 848 4555 1
864 4507 890 4557 n
907 4509 962 4559 ru
978 4504 994 4555 s
1039 4482 1077 4553 V
1090 4505 1118 4555 a
1134 4502 1156 4553 c
1170 4501 1193 4553 c
1208 4502 1247 4553 n.
1284 4476 1449 4553 Memini
1470 4476 1569 4550 inter
1585 4469 1752 4579 plateam
1780 4478 1933 4546 §crarta
1957 4502 1983 4541 a

613 4598 653 4670 &
671 4582 879 4667 obeliscum
901 4593 932 4668 S.
952 4592 1097 4685 Menti,
1116 4583 1314 4665 ecclesiam
1333 4582 1426 4660 olim
1446 4578 1548 4659 fuisse
1567 4584 1742 4665 extonam
1760 4646 1769 4679 ‚
1789 4572 1849 4655 sed
1871 4607 1934 4657 an-
1961 4615 1984 4650 t<

614 4698 853 4811 tiquisstmam
876 4767 886 4803 ,
908 4702 940 4781 8.
960 4700 1120 4778 Antonii
1143 4699 1320 4776 nomine:
1344 4691 1408 4772 ubi
1428 4691 1520 4772 dum
1539 4666 1750 4877 sepulcrgm
1773 4694 1934 4802 erigere.
1959 4724 1987 4762 a

1633 4802 1675 4881 H
1704 4864 1713 4875 .
1743 4806 1777 4876 in
