4180 5684
824 427 952 542 Caput
970 414 1206 544 vigestmum
1223 419 1434 521 ottanum}
1735 485 1818 562 459

553 534 650 620 lbid.
666 550 796 653 thue
815 549 914 625 Galli
932 548 1025 624 vassi
1041 548 1087 623 ab
1104 548 1239 628 Attalo
1250 563 1374 656 -Caiae
1393 553 1656 655 lambitunum.
1706 566 1813 682 [ege

491 655 533 727 dt
557 651 727 763 disjunge
749 668 818 736 :V
814 660 878 735 issi
896 655 944 731 ab
963 658 1126 753 Attalo,
1156 662 1301 773 Zyelam
1327 657 1569 779 Bithyniam(
1589 670 1651 758 vel
1676 678 1811 763 Bithu-

491 763 597 839 nium
619 770 630 858 )
656 764 845 845 occiderint.
883 768 943 845 Sic
968 770 1072 847 enim
1098 769 1279 883 disjungit
1305 777 1432 858 codex
1457 783 1746 889 Maximianus,
1770 802 1810 876 ὅ(

490 898 585 947 unus
620 872 878 955 Colbertinus.
927 877 1066 956 Gallos
1101 885 1217 962 vidos
1252 883 1357 968 fuisse
1386 888 1441 969 ab'
1463 894 1602 975 Attalo
1638 892 1807 983 scribunt

488 979 671 1090 Polybius
687 983 749 1065 lib.
779 994 830 1067 18.
859 991 899 1066 in
919 995 1106 1100 excerptis
1127 991 1357 1101 Valesianis,
1381 1001 1512 1111 Suidas
1531 1008 1572 1089 iu
1597 1035 1706 1091 voce.
1736 1027 1805 1092 Li.

486 1092 1805 1224 wm‚hb3tsscss.&8umofflru.GdbpdstaZmbm

486 1202 1805 1317 &mmmommffluNm,mdmmmfflmmmffia

485 1342 567 1425 cap.
598 1324 648 1396 18.
686 1320 835 1424 Zelas,
870 1321 931 1402 uel
964 1348 1007 1401 ut
1035 1324 1099 1403 alii
1131 1321 1301 1408 scribunt
1340 1333 1498 1438 Zielas',
1534 1368 1623 1418 curn
1661 1342 1802 1423 Gallo.

482 1454 567 1505 rum
596 1434 785 1545 principes
808 1432 948 1513 insidiis
974 1432 1112 1517 tollere
1138 1465 1365 1546 conaretur,
1403 1444 1522 1528 abeis
1545 1449 1620 1562 ipse
1646 1454 1804 1537 interse-

481 1538 636 1619 QOEffl.
1574 1618 1580 1628 ·

534 1646 630 1730 Ibid.
649 1676 689 1729 ut
716 1653 925 1735 Ptolemaeus
942 1687 1018 1735 cum
1038 1661 1145 1739 denuo
1161 1687 1301 1768 captum
1321 1669 1529 1768 interfecerit
1538 1733 1550 1765 ,
1571 1672 1617 1764 6
1641 1683 1798 1786 Antigo-

478 1784 558 1834 nam
575 1763 698 1840 Andro
718 1765 836 1867 praesr'o
853 1769 983 1845 nervasi
998 1794 1107 1874 prona
1122 1787 1257 1854 vicerit.
1294 1778 1611 1891 Ptolentaeusiste
1632 1790 1697 1895 qui
1717 1790 1798 1871 An-

479 1870 654 1977 tigonum
673 1873 803 1983 praelio
823 1877 875 1954 ad
894 1877 1072 1961 Andrum
1089 1882 1246 1963 insulam
1261 1890 1373 1990 vicit,
1390 1891 1648 2000 proculdubio
1661 1895 1714 1977 est
1726 1900 1799 1980 Ce-

476 2005 638 2084 raunus,
659 2010 701 2061 ut
719 2012 743 2062 a
759 1989 974 2068 Memnone
992 1989 1184 2098 discimus,
1202 2026 1318 2106 quem
1336 1997 1499 2083 consule.
1528 2005 1603 2084 Sed
1614 2007 1665 2084 ad
1681 2036 1797 2117 quem

476 2085 617 2170 ducem
638 2094 698 2173 vel
718 2122 849 2204 regern
870 2096 1077 2181 reseremus
1103 2140 1111 2183 :
1134 2137 1210 2184 cum
1227 2109 1332 2187 denuo
1357 2136 1495 2215 captum
1517 2117 1711 2197 occiderit?
1733 2122 1795 2198 An

474 2198 525 2275 ad
545 2202 693 2282 Zielam
715 2232 737 2282 a
754 2206 877 2286 Gallis
896 2207 1058 2291 occisum
1083 2217 1173 2295 alin
1193 2218 1244 2296 ad
1266 2221 1464 2324 Attalum,
1483 2230 1548 2333 qui
1566 2253 1695 2308 morte
1713 2229 1794 2339 pla-

474 2309 572 2388 cida
590 2316 735 2395 interiit
756 2340 766 2397 t
787 2318 1004 2430 Utrumque
1023 2320 1239 2407 absurdum.
1278 2330 1449 2412 Restitue
1474 2338 1606 2444 itaque
1627 2403 1638 2438 ,
1668 2341 1760 2420 Ptol
1776 2387 1792 2410 a

471 2449 578 2499 nzaeus
595 2426 822 2505 Ptolemaiou
836 2431 941 2509 denar
961 2432 1034 2525 6c.
1068 2438 1148 2514 Hic
1167 2436 1397 2520 Ptolemais
1414 2443 1652 2548 interfettus,
1671 2447 1726 2528 est
1749 2449 1792 2529 li-

471 2528 541 2609 lius
562 2534 796 2643 Lysimachi,
817 2545 881 2647 qui
901 2541 1180 2625 reclamaverat
1194 2550 1305 2652 fidem
1315 2550 1465 2662 firbuffiv
1468 2559 1693 2659 jurejurando
1721 2573 1790 2642 Ce-

470 2657 594 2737 rauni,
612 2644 823 2757 nuptiisque
839 2656 969 2730 matris
992 2683 1079 2733 curn
1101 2658 1242 2738 eodem
1264 2663 1446 2741 Cerauno
1463 2665 1704 2751 celebrandis
1721 2669 1789 2752 ob·

469 2750 639 2855 stiterat,
659 2759 865 2867 exjustino
878 2761 941 2841 lib.
958 2792 1014 2863 24.
1027 2794 1108 2875 cap.
1122 2801 1151 2846 2.
1171 2766 1396 2872 lmb,s0ciis
1409 2774 1569 2884 illyriis,
1588 2777 1732 2858 bellum
1747 2787 1788 2863 in

469 2865 706 2945 Macedonia
723 2868 882 2977 gesserat
899 2900 986 2952 cum
1002 2876 1207 2979 Ceraun0,
1229 2905 1272 2958 ut
1292 2880 1452 2992 legimus
1466 2891 1504 2963 in
1517 2886 1688 3000 Prologo
1702 2890 1786 2974 libri

470 3001 528 3072 24.
552 2979 588 3053 V
593 2979 747 3057 iclorem
777 2979 853 3059 hoc
878 2979 982 3061 bello
1009 2981 1114 3067 fuisse
1139 2992 1361 3071 Ceraunum
1390 2994 1543 3103 liquet,
1570 3026 1614 3079 cc
1643 2998 1785 3110 illeque

465 3105 560 3161 tuuc
578 3087 829 3169 Ptolemaeum
848 3090 1022 3175 arbitror.
1049 3098 1201 3179 Ateum
1214 3099 1375 3183 liberum
1395 3130 1487 3185 tunc
1504 3029 1653 3189 dimissi.
1672 3116 1782 3195 Nam

466 3190 1781 3333 Qffifflmmwbmffmmfflmmffimmm&ffiQmm

464 3301 601 3387 fratres
629 3311 827 3392 Ptolemaei
845 3318 1065 3421 interemit,
1094 3315 1155 3402 sed
1178 3351 1258 3401 non
1272 3325 1401 3404 multo
1421 3328 1506 3439 post
1526 3361 1613 3408 com
1644 3338 1779 3413 reben-

462 3409 540 3497 sum
557 3414 676 3529 ipsum
697 3422 950 3523 Ptolemaeurn
970 3430 1123 3512 occidit.
1154 3436 1254 3515 Haec
1272 3460 1402 3518 autem
1420 3440 1546 3520 omisit
1555 3361 1731 3552 Jullinus'.

519 3547 566 3609 Et
580 3541 799 3645 Antigonum
817 3538 941 3617 Andro
957 3542 1074 3643 prasio
1088 3545 1218 3621 navali
1230 3571 1339 3650 prona
1352 3562 1486 3630 vicerit.
1517 3554 1710 3654 Emenda,
1728 3556 1775 3650 6

459 3649 677 3751 Antigonum
699 3647 823 3724 Andro
833 3650 1094 3751 prasionavasr'
1107 3670 1305 3758 pervicerit.
1330 3658 1442 3738 Nihil
1460 3659 1536 3741 sani
1556 3662 1620 3743 hr‘c
1668 3665 1773 3747 raese-

458 3776 550 3829 runt
577 3751 841 3866 manuscripti,
866 3759 931 3839 ubi
956 3760 1105 3873 legitur.
1141 3777 1299 3870 Optauit,
1320 3769 1379 3849 vel
1400 3782 1568 3877 Oppioua.
1593 3693 1771 3859 Editores

458 3859 654 3970 legerunt,
670 3888 780 3967 prona
793 3882 930 3949 vicerit.
957 3878 1055 3983 Qrae
1076 3905 1151 3954 vox
1167 3944 1177 3974 ,
1196 3900 1331 3981 prona,
1354 3882 1417 3959 orl
1429 3908 1551 3987 apruna
1567 3885 1680 3964 ,nihili
1706 3888 1770 3969 est.

455 3970 1769 4102 Demcmmmnwfflcmffimemmmmmdffimmmm

454 4080 553 4163 bibl.
582 4084 720 4166 Codex
746 4093 888 4199 primus
917 4098 1126 4175 Vaticanus
1147 4097 1249 4179 hanc
1268 4099 1474 4183 lectionem
1499 4104 1619 4187 babet
1644 4110 1771 4189 Andro

450 4194 569 4298 prrelio
586 4198 733 4292 navali,
745 4226 866 4308 quam
882 4202 1050 4285 editores
1069 4208 1313 4293 admiserunt.
1335 4241 1337 4245 ’

509 4303 607 4384 lbid.
628 4324 714 4388 Eta
728 4312 910 4391 Gallr'm'co.
942 4318 1068 4426 Lege,
1087 4318 1133 4411 6
1152 4351 1179 4396 a
1195 4327 1376 4405 Callinico.
1560 4403 1563 4409 ,

507 4414 605 4495 Ibid.
624 4418 828 4498 Antiochus
851 4424 1090 4611 AZameurm.
1115 4432 1341 4536 Antiochus(
1360 4439 1509 4515 Hierax
1536 4432 1678 4517 scilicet
1701 4443 1764 4520 Sc-

452 4520 623 4625 leucida)
636 4532 853 4629 iufidr'antcm
874 4568 886 4611 r
910 4542 1283 4650 icffugitAriamucm.
1318 4549 1376 4625 Sic
1394 4548 1580 4648 emenda,
1598 4553 1764 4629 itacnlru

451 4631 1765 4756 mmmmmmfflmmmbm&ffibmmwmmfflm

451 4744 518 4823 bus
531 4751 726 4831 Romanis.

1411 4881 1600 4985 Mmmij
