<?xml version="1.0" encoding="UTF-8"?>
<!DOCTYPE html PUBLIC "-//W3C//DTD XHTML 1.0 Transitional//EN"
    "http://www.w3.org/TR/xhtml1/DTD/xhtml1-transitional.dtd">
<html xmlns="http://www.w3.org/1999/xhtml" xml:lang="en" lang="en">
 <head>
  <title>
</title>
<meta http-equiv="Content-Type" content="text/html;charset=utf-8" />
  <meta name='ocr-system' content='tesseract 3.04.00' />
  <meta name='ocr-capabilities' content='ocr_page ocr_carea ocr_par ocr_line ocrx_word'/>
</head>
<body>
  <div class='ocr_page' id='page_1' title='image "./diariumitalicum00montgoog_0353.png"; bbox 0 0 4414 5692; ppageno 0'>
   <div class='ocr_carea' id='block_1_1' title="bbox 442 441 1790 3711">
    <p class='ocr_par' dir='ltr' id='par_1_1' title="bbox 457 441 1371 568">
     <span class='ocr_line' id='line_1_1' title="bbox 457 441 1371 568; baseline 0.005 -32"><span class='ocrx_word' id='word_1_1' title='bbox 457 454 531 568; x_wconf 80' lang='lat'>308</span> <span class='ocrx_word' id='word_1_2' title='bbox 933 443 1139 544; x_wconf 68' lang='lat' dir='ltr'>‘niarium</span> <span class='ocrx_word' id='word_1_3' title='bbox 1164 441 1371 542; x_wconf 77' lang='lat' dir='ltr'>Italicum.</span> 
     </span>
    </p>

    <p class='ocr_par' dir='ltr' id='par_1_2' title="bbox 452 561 1790 1585">
     <span class='ocr_line' id='line_1_2' title="bbox 459 561 1789 702; baseline 0.008 -49"><span class='ocrx_word' id='word_1_4' title='bbox 459 575 568 654; x_wconf 89' lang='lat' dir='ltr'>tione</span> <span class='ocrx_word' id='word_1_5' title='bbox 587 561 789 685; x_wconf 86' lang='lat' dir='ltr'>prohibuit</span> <span class='ocrx_word' id='word_1_6' title='bbox 806 617 818 680; x_wconf 75' lang='lat'>5</span> <span class='ocrx_word' id='word_1_7' title='bbox 838 591 957 686; x_wconf 86' lang='lat' dir='ltr'>atque</span> <span class='ocrx_word' id='word_1_8' title='bbox 973 578 1015 656; x_wconf 86' lang='lat' dir='ltr'>in</span> <span class='ocrx_word' id='word_1_9' title='bbox 1031 573 1228 702; x_wconf 88' lang='lat' dir='ltr'>posterum</span> <span class='ocrx_word' id='word_1_10' title='bbox 1246 569 1494 662; x_wconf 75' lang='lat' dir='ltr'>interclusum</span> <span class='ocrx_word' id='word_1_11' title='bbox 1520 575 1707 663; x_wconf 77' lang='lat' dir='ltr'>acceffum</span> <span class='ocrx_word' id='word_1_12' title='bbox 1728 582 1789 662; x_wconf 82' lang='lat' dir='ltr'>in.</span> 
     </span>
     <span class='ocr_line' id='line_1_3' title="bbox 460 680 1790 799; baseline 0.008 -36"><span class='ocrx_word' id='word_1_13' title='bbox 460 680 689 767; x_wconf 90' lang='lat' dir='ltr'>telleximus.</span> <span class='ocrx_word' id='word_1_14' title='bbox 716 687 773 767; x_wconf 83' lang='lat' dir='ltr'>At</span> <span class='ocrx_word' id='word_1_15' title='bbox 790 684 1066 799; x_wconf 79' lang='lat' dir='ltr'>pomeridianis</span> <span class='ocrx_word' id='word_1_16' title='bbox 1084 687 1220 784; x_wconf 86' lang='lat' dir='ltr'>horis,</span> <span class='ocrx_word' id='word_1_17' title='bbox 1242 688 1512 775; x_wconf 86' lang='lat' dir='ltr'>intercedente</span> <span class='ocrx_word' id='word_1_18' title='bbox 1537 694 1593 774; x_wconf 87' lang='lat' dir='ltr'>D.</span> <span class='ocrx_word' id='word_1_19' title='bbox 1618 688 1790 775; x_wconf 80' lang='lat' dir='ltr'>Caffonii</span> 
     </span>
     <span class='ocr_line' id='line_1_4' title="bbox 458 799 1786 918; baseline 0.008 -42"><span class='ocrx_word' id='word_1_20' title='bbox 458 800 687 889; x_wconf 66' lang='lat' dir='ltr'>austoritate</span> <span class='ocrx_word' id='word_1_21' title='bbox 706 865 717 901; x_wconf 86' lang='lat'>,</span> <span class='ocrx_word' id='word_1_22' title='bbox 747 801 814 908; x_wconf 92' lang='lat' dir='ltr'>qui</span> <span class='ocrx_word' id='word_1_23' title='bbox 833 801 1066 881; x_wconf 89' lang='lat' dir='ltr'>comitatum</span> <span class='ocrx_word' id='word_1_24' title='bbox 1086 829 1160 883; x_wconf 85' lang='lat' dir='ltr'>nos</span> <span class='ocrx_word' id='word_1_25' title='bbox 1173 799 1275 882; x_wconf 83' lang='lat' dir='ltr'>mifit</span> <span class='ocrx_word' id='word_1_26' title='bbox 1294 804 1350 884; x_wconf 88' lang='lat' dir='ltr'>D.</span> <span class='ocrx_word' id='word_1_27' title='bbox 1367 802 1564 918; x_wconf 84' lang='lat' dir='ltr'>Angelum</span> <span class='ocrx_word' id='word_1_28' title='bbox 1575 803 1786 886; x_wconf 86' lang='lat' dir='ltr'>Accorret-</span> 
     </span>
     <span class='ocr_line' id='line_1_5' title="bbox 458 908 1788 1016; baseline 0.005 -26"><span class='ocrx_word' id='word_1_29' title='bbox 458 930 544 990; x_wconf 89' lang='lat' dir='ltr'>tum</span> <span class='ocrx_word' id='word_1_30' title='bbox 571 912 694 1014; x_wconf 79' lang='lat' dir='ltr'>virum</span> <span class='ocrx_word' id='word_1_31' title='bbox 723 908 883 991; x_wconf 73' lang='lat' dir='ltr'>dotium</span> <span class='ocrx_word' id='word_1_32' title='bbox 904 918 943 992; x_wconf 67' lang='grc' dir='ltr'>ὃ(</span> <span class='ocrx_word' id='word_1_33' title='bbox 961 909 1156 994; x_wconf 88' lang='lat' dir='ltr'>urbanum</span> <span class='ocrx_word' id='word_1_34' title='bbox 1175 978 1187 1016; x_wconf 93' lang='lat'>‚</span> <span class='ocrx_word' id='word_1_35' title='bbox 1219 910 1273 993; x_wconf 78' lang='lat' dir='ltr'>ad</span> <span class='ocrx_word' id='word_1_36' title='bbox 1300 938 1385 995; x_wconf 88' lang='lat' dir='ltr'>rem</span> <span class='ocrx_word' id='word_1_37' title='bbox 1403 917 1533 999; x_wconf 89' lang='lat' dir='ltr'>redire</span> <span class='ocrx_word' id='word_1_38' title='bbox 1554 911 1788 999; x_wconf 80' lang='lat' dir='ltr'>concesium.</span> 
     </span>
     <span class='ocr_line' id='line_1_6' title="bbox 458 1018 1789 1139; baseline 0.005 -37"><span class='ocrx_word' id='word_1_39' title='bbox 458 1018 571 1103; x_wconf 87' lang='lat' dir='ltr'>Olim</span> <span class='ocrx_word' id='word_1_40' title='bbox 597 1019 904 1104; x_wconf 82' lang='lat' dir='ltr'>numerofiorem</span> <span class='ocrx_word' id='word_1_41' title='bbox 923 1020 1205 1108; x_wconf 77' lang='lat' dir='ltr'>bibliothecam</span> <span class='ocrx_word' id='word_1_42' title='bbox 1225 1090 1236 1127; x_wconf 85' lang='lat'>,</span> <span class='ocrx_word' id='word_1_43' title='bbox 1267 1048 1293 1104; x_wconf 82' lang='lat' dir='ltr'>a</span> <span class='ocrx_word' id='word_1_44' title='bbox 1310 1028 1459 1107; x_wconf 84' lang='lat' dir='ltr'>Batavo</span> <span class='ocrx_word' id='word_1_45' title='bbox 1479 1025 1653 1139; x_wconf 84' lang='lat' dir='ltr'>quodam</span> <span class='ocrx_word' id='word_1_46' title='bbox 1672 1028 1789 1110; x_wconf 91' lang='lat' dir='ltr'>emtis</span> 
     </span>
     <span class='ocr_line' id='line_1_7' title="bbox 455 1129 1790 1250; baseline 0.007 -40"><span class='ocrx_word' id='word_1_47' title='bbox 455 1129 654 1213; x_wconf 76' lang='lat' dir='ltr'>codicibus</span> <span class='ocrx_word' id='word_1_48' title='bbox 673 1132 899 1217; x_wconf 67' lang='lat' dir='ltr'>mulctatam</span> <span class='ocrx_word' id='word_1_49' title='bbox 915 1164 1059 1250; x_wconf 83' lang='lat' dir='ltr'>magna</span> <span class='ocrx_word' id='word_1_50' title='bbox 1073 1131 1113 1217; x_wconf 93' lang='lat' dir='ltr'>su</span> <span class='ocrx_word' id='word_1_51' title='bbox 1141 1132 1311 1219; x_wconf 72' lang='lat' dir='ltr'>elleffllis</span> <span class='ocrx_word' id='word_1_52' title='bbox 1320 1162 1431 1249; x_wconf 86' lang='lat' dir='ltr'>parte</span> <span class='ocrx_word' id='word_1_53' title='bbox 1442 1165 1535 1221; x_wconf 90' lang='lat' dir='ltr'>acce</span> <span class='ocrx_word' id='word_1_54' title='bbox 1562 1141 1670 1220; x_wconf 87' lang='lat' dir='ltr'>irnus.</span> <span class='ocrx_word' id='word_1_55' title='bbox 1685 1143 1790 1250; x_wconf 75' lang='lat' dir='ltr'>Qtae</span> 
     </span>
     <span class='ocr_line' id='line_1_8' title="bbox 453 1164 1784 1374; baseline 0.006 -52"><span class='ocrx_word' id='word_1_56' title='bbox 453 1266 588 1324; x_wconf 90' lang='lat' dir='ltr'>tamen</span> <span class='ocrx_word' id='word_1_57' title='bbox 604 1240 785 1357; x_wconf 86' lang='lat' dir='ltr'>superant</span> <span class='ocrx_word' id='word_1_58' title='bbox 798 1251 962 1374; x_wconf 78' lang='lat' dir='ltr'>optimae</span> <span class='ocrx_word' id='word_1_59' title='bbox 974 1273 1079 1329; x_wconf 84' lang='lat' dir='ltr'>notae</span> <span class='ocrx_word' id='word_1_60' title='bbox 1097 1164 1193 1329; x_wconf 75' lang='lat' dir='ltr'>sint.</span> <span class='ocrx_word' id='word_1_61' title='bbox 1212 1244 1347 1329; x_wconf 85' lang='lat' dir='ltr'>Isthaec</span> <span class='ocrx_word' id='word_1_62' title='bbox 1357 1247 1452 1330; x_wconf 86' lang='lat' dir='ltr'>olim</span> <span class='ocrx_word' id='word_1_63' title='bbox 1462 1164 1784 1332; x_wconf 75' lang='lat' dir='ltr'>firitbibliotheca</span> 
     </span>
     <span class='ocr_line' id='line_1_9' title="bbox 453 1356 1784 1474; baseline 0.003 -37"><span class='ocrx_word' id='word_1_64' title='bbox 453 1356 619 1437; x_wconf 80' lang='lat' dir='ltr'>Antonii</span> <span class='ocrx_word' id='word_1_65' title='bbox 638 1359 871 1471; x_wconf 86' lang='lat' dir='ltr'>Seripandr,</span> <span class='ocrx_word' id='word_1_66' title='bbox 897 1364 965 1474; x_wconf 87' lang='lat' dir='ltr'>qui</span> <span class='ocrx_word' id='word_1_67' title='bbox 982 1388 1070 1443; x_wconf 85' lang='lat' dir='ltr'>earn</span> <span class='ocrx_word' id='word_1_68' title='bbox 1090 1362 1238 1472; x_wconf 83' lang='lat' dir='ltr'>exJani</span> <span class='ocrx_word' id='word_1_69' title='bbox 1254 1358 1445 1442; x_wconf 71' lang='lat' dir='ltr'>Parrhasi</span> <span class='ocrx_word' id='word_1_70' title='bbox 1463 1360 1696 1445; x_wconf 82' lang='lat' dir='ltr'>testamento</span> <span class='ocrx_word' id='word_1_71' title='bbox 1718 1387 1784 1441; x_wconf 81' lang='lat' dir='ltr'>ac-</span> 
     </span>
     <span class='ocr_line' id='line_1_10' title="bbox 452 1469 1347 1585; baseline 0.007 -38"><span class='ocrx_word' id='word_1_72' title='bbox 452 1493 622 1581; x_wconf 85' lang='lat' dir='ltr'>ceperat.</span> <span class='ocrx_word' id='word_1_73' title='bbox 653 1471 850 1553; x_wconf 88' lang='lat' dir='ltr'>Codicum</span> <span class='ocrx_word' id='word_1_74' title='bbox 870 1496 1006 1555; x_wconf 86' lang='lat' dir='ltr'>notam</span> <span class='ocrx_word' id='word_1_75' title='bbox 1022 1471 1089 1553; x_wconf 90' lang='lat' dir='ltr'>hic</span> <span class='ocrx_word' id='word_1_76' title='bbox 1105 1469 1347 1585; x_wconf 88' lang='lat' dir='ltr'>proferimus.</span> 
     </span>
    </p>

    <p class='ocr_par' dir='ltr' id='par_1_3' title="bbox 450 1577 1788 1919">
     <span class='ocr_line' id='line_1_11' title="bbox 508 1577 1788 1697; baseline 0.005 -35"><span class='ocrx_word' id='word_1_77' title='bbox 508 1579 650 1676; x_wconf 82' lang='lat' dir='ltr'>Codex</span> <span class='ocrx_word' id='word_1_78' title='bbox 670 1612 725 1665; x_wconf 85' lang='lat' dir='ltr'>xr.</span> <span class='ocrx_word' id='word_1_79' title='bbox 743 1578 867 1664; x_wconf 69' lang='lat' dir='ltr'>saculi</span> <span class='ocrx_word' id='word_1_80' title='bbox 885 1581 1102 1667; x_wconf 86' lang='lat' dir='ltr'>membran.</span> <span class='ocrx_word' id='word_1_81' title='bbox 1120 1577 1346 1665; x_wconf 88' lang='lat' dir='ltr'>Psalterium</span> <span class='ocrx_word' id='word_1_82' title='bbox 1356 1578 1513 1697; x_wconf 84' lang='lat' dir='ltr'>optima:</span> <span class='ocrx_word' id='word_1_83' title='bbox 1522 1607 1636 1667; x_wconf 85' lang='lat' dir='ltr'>notae.</span> <span class='ocrx_word' id='word_1_84' title='bbox 1652 1581 1788 1668; x_wconf 80' lang='lat' dir='ltr'>Exstat</span> 
     </span>
     <span class='ocr_line' id='line_1_12' title="bbox 450 1688 1785 1810; baseline 0.004 -39"><span class='ocrx_word' id='word_1_85' title='bbox 450 1688 599 1774; x_wconf 88' lang='lat' dir='ltr'>ibidem</span> <span class='ocrx_word' id='word_1_86' title='bbox 629 1689 855 1777; x_wconf 83' lang='lat' dir='ltr'>Psalterium</span> <span class='ocrx_word' id='word_1_87' title='bbox 882 1700 1083 1778; x_wconf 86' lang='lat' dir='ltr'>exoriente</span> <span class='ocrx_word' id='word_1_88' title='bbox 1108 1718 1290 1807; x_wconf 85' lang='lat' dir='ltr'>typorum</span> <span class='ocrx_word' id='word_1_89' title='bbox 1313 1719 1397 1776; x_wconf 83' lang='lat' dir='ltr'>arte</span> <span class='ocrx_word' id='word_1_90' title='bbox 1417 1691 1546 1777; x_wconf 86' lang='lat' dir='ltr'>cusum</span> <span class='ocrx_word' id='word_1_91' title='bbox 1567 1764 1580 1799; x_wconf 88' lang='lat'>‚</span> <span class='ocrx_word' id='word_1_92' title='bbox 1598 1719 1643 1776; x_wconf 89' lang='lat' dir='ltr'>ut</span> <span class='ocrx_word' id='word_1_93' title='bbox 1662 1719 1785 1810; x_wconf 80' lang='lat' dir='ltr'>puto,</span> 
     </span>
     <span class='ocr_line' id='line_1_13' title="bbox 451 1800 1605 1919; baseline 0.003 -34"><span class='ocrx_word' id='word_1_94' title='bbox 451 1804 698 1907; x_wconf 76' lang='lat' dir='ltr'>Mediolani,</span> <span class='ocrx_word' id='word_1_95' title='bbox 717 1804 822 1888; x_wconf 85' lang='lat' dir='ltr'>abest</span> <span class='ocrx_word' id='word_1_96' title='bbox 839 1811 982 1919; x_wconf 89' lang='lat' dir='ltr'>quippe</span> <span class='ocrx_word' id='word_1_97' title='bbox 999 1805 1234 1919; x_wconf 82' lang='lat' dir='ltr'>typographi</span> <span class='ocrx_word' id='word_1_98' title='bbox 1252 1800 1428 1918; x_wconf 87' lang='lat' dir='ltr'>urbisque</span> <span class='ocrx_word' id='word_1_99' title='bbox 1448 1834 1605 1888; x_wconf 90' lang='lat' dir='ltr'>nomen.</span> 
     </span>
    </p>

    <p class='ocr_par' dir='ltr' id='par_1_4' title="bbox 449 1913 1786 2130">
     <span class='ocr_line' id='line_1_14' title="bbox 506 1913 1786 2033; baseline 0.003 -36"><span class='ocrx_word' id='word_1_100' title='bbox 506 1915 647 1999; x_wconf 87' lang='lat' dir='ltr'>Codex</span> <span class='ocrx_word' id='word_1_101' title='bbox 666 1916 966 2032; x_wconf 76' lang='lat' dir='ltr'>Evangeliorum</span> <span class='ocrx_word' id='word_1_102' title='bbox 983 1916 1204 2001; x_wconf 75' lang='lat' dir='ltr'>charactere</span> <span class='ocrx_word' id='word_1_103' title='bbox 1227 1916 1368 2000; x_wconf 88' lang='lat' dir='ltr'>unciali</span> <span class='ocrx_word' id='word_1_104' title='bbox 1387 1984 1399 2022; x_wconf 93' lang='lat'>‚</span> <span class='ocrx_word' id='word_1_105' title='bbox 1416 1913 1565 2033; x_wconf 86' lang='lat' dir='ltr'>septimi</span> <span class='ocrx_word' id='word_1_106' title='bbox 1584 1919 1646 2001; x_wconf 84' lang='lat' dir='ltr'>vel</span> <span class='ocrx_word' id='word_1_107' title='bbox 1658 1922 1786 2001; x_wconf 72' lang='lat' dir='ltr'>ociavi</span> 
     </span>
     <span class='ocr_line' id='line_1_15' title="bbox 449 2022 1066 2130; baseline 0.005 -23"><span class='ocrx_word' id='word_1_108' title='bbox 449 2022 572 2108; x_wconf 84' lang='lat' dir='ltr'>sacculi</span> <span class='ocrx_word' id='word_1_109' title='bbox 590 2096 601 2130; x_wconf 88' lang='lat'>,</span> <span class='ocrx_word' id='word_1_110' title='bbox 618 2032 730 2110; x_wconf 91' lang='lat' dir='ltr'>initio</span> <span class='ocrx_word' id='word_1_111' title='bbox 750 2039 789 2111; x_wconf 90' lang='lat'>&amp;</span> <span class='ocrx_word' id='word_1_112' title='bbox 805 2029 882 2112; x_wconf 85' lang='lat' dir='ltr'>fine</span> <span class='ocrx_word' id='word_1_113' title='bbox 899 2029 1066 2112; x_wconf 91' lang='lat' dir='ltr'>mutilus.</span> 
     </span>
    </p>

    <p class='ocr_par' dir='ltr' id='par_1_5' title="bbox 443 2138 1784 3343">
     <span class='ocr_line' id='line_1_16' title="bbox 506 2138 1782 2260; baseline -0.002 -38"><span class='ocrx_word' id='word_1_114' title='bbox 506 2139 647 2222; x_wconf 84' lang='lat' dir='ltr'>Codex</span> <span class='ocrx_word' id='word_1_115' title='bbox 666 2141 965 2256; x_wconf 88' lang='lat' dir='ltr'>Evangeliorum</span> <span class='ocrx_word' id='word_1_116' title='bbox 982 2171 1037 2224; x_wconf 85' lang='lat' dir='ltr'>xr.</span> <span class='ocrx_word' id='word_1_117' title='bbox 1057 2138 1180 2223; x_wconf 78' lang='lat' dir='ltr'>saecufi</span> <span class='ocrx_word' id='word_1_118' title='bbox 1197 2141 1413 2231; x_wconf 87' lang='lat' dir='ltr'>membran.</span> <span class='ocrx_word' id='word_1_119' title='bbox 1432 2145 1542 2225; x_wconf 89' lang='lat' dir='ltr'>initio</span> <span class='ocrx_word' id='word_1_120' title='bbox 1553 2140 1782 2260; x_wconf 86' lang='lat' dir='ltr'>legiturepi.</span> 
     </span>
     <span class='ocr_line' id='line_1_17' title="bbox 447 2249 1779 2370; baseline 0.005 -39"><span class='ocrx_word' id='word_1_121' title='bbox 447 2249 548 2331; x_wconf 88' lang='lat' dir='ltr'>stola</span> <span class='ocrx_word' id='word_1_122' title='bbox 566 2252 705 2365; x_wconf 71' lang='lat' dir='ltr'>Eusebi</span> <span class='ocrx_word' id='word_1_123' title='bbox 723 2255 805 2335; x_wconf 83' lang='lat' dir='ltr'>Car</span> <span class='ocrx_word' id='word_1_124' title='bbox 832 2256 943 2356; x_wconf 86' lang='lat' dir='ltr'>iano,</span> <span class='ocrx_word' id='word_1_125' title='bbox 959 2281 1044 2364; x_wconf 79' lang='lat' dir='ltr'>quae</span> <span class='ocrx_word' id='word_1_126' title='bbox 1060 2258 1100 2333; x_wconf 90' lang='lat' dir='ltr'>in</span> <span class='ocrx_word' id='word_1_127' title='bbox 1120 2253 1220 2336; x_wconf 86' lang='lat' dir='ltr'>bene</span> <span class='ocrx_word' id='word_1_128' title='bbox 1236 2254 1367 2335; x_wconf 89' lang='lat' dir='ltr'>multis</span> <span class='ocrx_word' id='word_1_129' title='bbox 1389 2254 1688 2370; x_wconf 86' lang='lat' dir='ltr'>Evangeliorum</span> <span class='ocrx_word' id='word_1_130' title='bbox 1710 2286 1779 2337; x_wconf 86' lang='lat' dir='ltr'>co.</span> 
     </span>
     <span class='ocr_line' id='line_1_18' title="bbox 448 2281 1784 2478; baseline 0.005 -37"><span class='ocrx_word' id='word_1_131' title='bbox 448 2361 599 2446; x_wconf 87' lang='lat' dir='ltr'>dicibus</span> <span class='ocrx_word' id='word_1_132' title='bbox 618 2368 763 2444; x_wconf 90' lang='lat' dir='ltr'>cumin</span> <span class='ocrx_word' id='word_1_133' title='bbox 782 2281 851 2447; x_wconf 73' lang='lat' dir='ltr'>isla</span> <span class='ocrx_word' id='word_1_134' title='bbox 862 2390 946 2446; x_wconf 92' lang='lat' dir='ltr'>tum</span> <span class='ocrx_word' id='word_1_135' title='bbox 963 2371 1002 2444; x_wconf 88' lang='lat' dir='ltr'>in</span> <span class='ocrx_word' id='word_1_136' title='bbox 1020 2364 1100 2446; x_wconf 88' lang='lat' dir='ltr'>aliis</span> <span class='ocrx_word' id='word_1_137' title='bbox 1118 2364 1364 2449; x_wconf 84' lang='lat' dir='ltr'>bibliothecis</span> <span class='ocrx_word' id='word_1_138' title='bbox 1379 2370 1636 2478; x_wconf 68' lang='lat' dir='ltr'>praemittitur.</span> <span class='ocrx_word' id='word_1_139' title='bbox 1661 2369 1784 2449; x_wconf 81' lang='lat' dir='ltr'>Inca.</span> 
     </span>
     <span class='ocr_line' id='line_1_19' title="bbox 444 2468 1783 2589; baseline 0.009 -38"><span class='ocrx_word' id='word_1_140' title='bbox 444 2476 529 2587; x_wconf 87' lang='lat' dir='ltr'>pite</span> <span class='ocrx_word' id='word_1_141' title='bbox 545 2479 671 2587; x_wconf 86' lang='lat' dir='ltr'>primo</span> <span class='ocrx_word' id='word_1_142' title='bbox 693 2476 874 2558; x_wconf 83' lang='lat' dir='ltr'>Matthaei</span> <span class='ocrx_word' id='word_1_143' title='bbox 891 2475 1034 2589; x_wconf 86' lang='lat' dir='ltr'>legitur</span> <span class='ocrx_word' id='word_1_144' title='bbox 1051 2514 1060 2557; x_wconf 91' lang='lat'><strong>:</strong></span> <span class='ocrx_word' id='word_1_145' title='bbox 1080 2468 1199 2569; x_wconf 66' lang='lat' dir='ltr'>Ium&#39;uc</span> <span class='ocrx_word' id='word_1_146' title='bbox 1217 2477 1255 2562; x_wconf 65' lang='lat' dir='ltr'>ll</span> <span class='ocrx_word' id='word_1_147' title='bbox 1273 2475 1413 2580; x_wconf 67' lang='lat' dir='ltr'>ipsuum</span> <span class='ocrx_word' id='word_1_148' title='bbox 1432 2476 1487 2561; x_wconf 59' lang='grc' dir='ltr'>«ἐν</span> <span class='ocrx_word' id='word_1_149' title='bbox 1502 2478 1647 2578; x_wconf 75' lang='lat' dir='ltr'>quuclu</span> <span class='ocrx_word' id='word_1_150' title='bbox 1664 2530 1679 2569; x_wconf 75' lang='lat'>‚</span> <span class='ocrx_word' id='word_1_151' title='bbox 1694 2496 1783 2564; x_wconf 78' lang='lat' dir='ltr'>qu-</span> 
     </span>
     <span class='ocr_line' id='line_1_20' title="bbox 446 2584 1784 2705; baseline 0.003 -36"><span class='ocrx_word' id='word_1_152' title='bbox 446 2592 523 2689; x_wconf 76' lang='lat' dir='ltr'>utlyu</span> <span class='ocrx_word' id='word_1_153' title='bbox 540 2584 582 2668; x_wconf 70' lang='lat' dir='ltr'>n*</span> <span class='ocrx_word' id='word_1_154' title='bbox 602 2585 743 2690; x_wconf 67' lang='lat' dir='ltr'>‘sydrum</span> <span class='ocrx_word' id='word_1_155' title='bbox 759 2587 813 2672; x_wconf 67' lang='lat' dir='ltr'>‘tir</span> <span class='ocrx_word' id='word_1_156' title='bbox 831 2590 1006 2704; x_wconf 50' lang='lat' dir='ltr'>Inguina&amp;</span> <span class='ocrx_word' id='word_1_157' title='bbox 1021 2588 1094 2678; x_wconf 64' lang='lat' dir='ltr'>uuus*</span> <span class='ocrx_word' id='word_1_158' title='bbox 1103 2598 1197 2693; x_wconf 84' lang='lat' dir='ltr'>,&amp;c.</span> <span class='ocrx_word' id='word_1_159' title='bbox 1215 2593 1330 2705; x_wconf 76' lang='lat' dir='ltr'>Jofias</span> <span class='ocrx_word' id='word_1_160' title='bbox 1345 2616 1463 2671; x_wconf 82' lang='lat' dir='ltr'>autem</span> <span class='ocrx_word' id='word_1_161' title='bbox 1469 2604 1592 2703; x_wconf 78' lang='lat' dir='ltr'>genuit</span> <span class='ocrx_word' id='word_1_162' title='bbox 1599 2592 1784 2697; x_wconf 75' lang='lat' dir='ltr'>Joachim‚</span> 
     </span>
     <span class='ocr_line' id='line_1_21' title="bbox 445 2698 1781 2816; baseline 0.002 -36"><span class='ocrx_word' id='word_1_163' title='bbox 445 2698 610 2805; x_wconf 73' lang='lat' dir='ltr'>Joacsrim</span> <span class='ocrx_word' id='word_1_164' title='bbox 627 2726 746 2782; x_wconf 78' lang='lat' dir='ltr'>autem</span> <span class='ocrx_word' id='word_1_165' title='bbox 759 2717 883 2816; x_wconf 80' lang='lat' dir='ltr'>genuit</span> <span class='ocrx_word' id='word_1_166' title='bbox 904 2701 1109 2807; x_wconf 77' lang='lat' dir='ltr'>Jcchoniam</span> <span class='ocrx_word' id='word_1_167' title='bbox 1128 2700 1316 2806; x_wconf 64' lang='lat' dir='ltr'>&amp;suarm</span> <span class='ocrx_word' id='word_1_168' title='bbox 1330 2710 1426 2807; x_wconf 82' lang='lat' dir='ltr'>ejus,</span> <span class='ocrx_word' id='word_1_169' title='bbox 1445 2711 1519 2784; x_wconf 80' lang='lat' dir='ltr'>&amp;c</span> <span class='ocrx_word' id='word_1_170' title='bbox 1542 2730 1660 2815; x_wconf 85' lang='lat' dir='ltr'>quam</span> <span class='ocrx_word' id='word_1_171' title='bbox 1680 2708 1781 2786; x_wconf 77' lang='lat' dir='ltr'>item»</span> 
     </span>
     <span class='ocr_line' id='line_1_22' title="bbox 445 2810 1779 2928; baseline 0.002 -35"><span class='ocrx_word' id='word_1_172' title='bbox 445 2810 656 2895; x_wconf 68' lang='lat' dir='ltr'>lediionem</span> <span class='ocrx_word' id='word_1_173' title='bbox 669 2820 803 2895; x_wconf 90' lang='lat' dir='ltr'>notavi</span> <span class='ocrx_word' id='word_1_174' title='bbox 831 2818 872 2895; x_wconf 89' lang='lat' dir='ltr'>in</span> <span class='ocrx_word' id='word_1_175' title='bbox 895 2814 1033 2895; x_wconf 87' lang='lat' dir='ltr'>codice</span> <span class='ocrx_word' id='word_1_176' title='bbox 1055 2813 1198 2894; x_wconf 86' lang='lat' dir='ltr'>decimi</span> <span class='ocrx_word' id='word_1_177' title='bbox 1222 2811 1349 2897; x_wconf 79' lang='lat' dir='ltr'>saeculi-</span> <span class='ocrx_word' id='word_1_178' title='bbox 1367 2819 1531 2928; x_wconf 72' lang='lat' dir='ltr'>egreoiae</span> <span class='ocrx_word' id='word_1_179' title='bbox 1547 2840 1682 2919; x_wconf 71' lang='lat' dir='ltr'>nota,</span> <span class='ocrx_word' id='word_1_180' title='bbox 1710 2820 1779 2928; x_wconf 87' lang='lat' dir='ltr'>qui</span> 
     </span>
     <span class='ocr_line' id='line_1_23' title="bbox 445 2923 1779 3037; baseline 0.001 -32"><span class='ocrx_word' id='word_1_181' title='bbox 445 2951 536 3005; x_wconf 91' lang='lat' dir='ltr'>cum</span> <span class='ocrx_word' id='word_1_182' title='bbox 556 2925 649 3006; x_wconf 91' lang='lat' dir='ltr'>olim</span> <span class='ocrx_word' id='word_1_183' title='bbox 676 2924 894 3007; x_wconf 80' lang='lat' dir='ltr'>Cardinalis</span> <span class='ocrx_word' id='word_1_184' title='bbox 910 2928 1085 3007; x_wconf 87' lang='lat' dir='ltr'>Perronii</span> <span class='ocrx_word' id='word_1_185' title='bbox 1104 2923 1230 3009; x_wconf 80' lang='lat' dir='ltr'>suisset</span> <span class='ocrx_word' id='word_1_186' title='bbox 1243 2995 1255 3029; x_wconf 90' lang='lat'>,</span> <span class='ocrx_word' id='word_1_187' title='bbox 1270 2928 1350 3037; x_wconf 79' lang='lat' dir='ltr'>jam</span> <span class='ocrx_word' id='word_1_188' title='bbox 1371 2930 1411 3006; x_wconf 90' lang='lat' dir='ltr'>in</span> <span class='ocrx_word' id='word_1_189' title='bbox 1430 2923 1470 3006; x_wconf 91' lang='lat' dir='ltr'>bi</span> <span class='ocrx_word' id='word_1_190' title='bbox 1499 2925 1779 3010; x_wconf 82' lang='lat' dir='ltr'>liotbecaMo-</span> 
     </span>
     <span class='ocr_line' id='line_1_24' title="bbox 443 3033 1780 3151; baseline 0.003 -35"><span class='ocrx_word' id='word_1_191' title='bbox 443 3035 597 3118; x_wconf 83' lang='lat' dir='ltr'>nasterii</span> <span class='ocrx_word' id='word_1_192' title='bbox 618 3042 651 3118; x_wconf 84' lang='lat' dir='ltr'>S.</span> <span class='ocrx_word' id='word_1_193' title='bbox 662 3042 824 3120; x_wconf 87' lang='lat' dir='ltr'>Taurini</span> <span class='ocrx_word' id='word_1_194' title='bbox 842 3036 1083 3120; x_wconf 82' lang='lat' dir='ltr'>Ehro&#39;r&#39;censr&#39;s</span> <span class='ocrx_word' id='word_1_195' title='bbox 1102 3033 1344 3151; x_wconf 77' lang='lat' dir='ltr'>conspicitur.</span> <span class='ocrx_word' id='word_1_196' title='bbox 1376 3042 1424 3120; x_wconf 89' lang='lat' dir='ltr'>ln</span> <span class='ocrx_word' id='word_1_197' title='bbox 1434 3035 1515 3118; x_wconf 87' lang='lat' dir='ltr'>aliis</span> <span class='ocrx_word' id='word_1_198' title='bbox 1526 3065 1683 3151; x_wconf 92' lang='lat' dir='ltr'>quoque</span> <span class='ocrx_word' id='word_1_199' title='bbox 1695 3067 1780 3120; x_wconf 82' lang='lat' dir='ltr'>non</span> 
     </span>
     <span class='ocr_line' id='line_1_25' title="bbox 443 3145 1779 3266; baseline 0.002 -37"><span class='ocrx_word' id='word_1_200' title='bbox 443 3154 579 3261; x_wconf 88' lang='lat' dir='ltr'>paucis</span> <span class='ocrx_word' id='word_1_201' title='bbox 588 3148 786 3234; x_wconf 87' lang='lat' dir='ltr'>codicibus</span> <span class='ocrx_word' id='word_1_202' title='bbox 794 3156 850 3232; x_wconf 85' lang='lat' dir='ltr'>ita</span> <span class='ocrx_word' id='word_1_203' title='bbox 859 3149 1010 3266; x_wconf 88' lang='lat' dir='ltr'>legitur.</span> <span class='ocrx_word' id='word_1_204' title='bbox 1022 3147 1195 3266; x_wconf 84' lang='lat' dir='ltr'>Vulgata</span> <span class='ocrx_word' id='word_1_205' title='bbox 1204 3149 1336 3231; x_wconf 80' lang='lat' dir='ltr'>nostra</span> <span class='ocrx_word' id='word_1_206' title='bbox 1346 3173 1410 3253; x_wconf 16' lang='lat' dir='ltr'>‚lut</span> <span class='ocrx_word' id='word_1_207' title='bbox 1419 3177 1540 3231; x_wconf 85' lang='lat' dir='ltr'>nemo</span> <span class='ocrx_word' id='word_1_208' title='bbox 1547 3145 1779 3260; x_wconf 77' lang='lat' dir='ltr'>nescit‚Joa-</span> 
     </span>
     <span class='ocr_line' id='line_1_26' title="bbox 444 3260 831 3343; baseline 0.013 -4"><span class='ocrx_word' id='word_1_209' title='bbox 444 3260 621 3342; x_wconf 86' lang='lat' dir='ltr'>cbimum</span> <span class='ocrx_word' id='word_1_210' title='bbox 639 3265 796 3343; x_wconf 86' lang='lat' dir='ltr'>omittit.</span> <span class='ocrx_word' id='word_1_211' title='bbox 827 3278 831 3286; x_wconf 82' lang='grc'><strong>’</strong></span> 
     </span>
    </p>

    <p class='ocr_par' dir='ltr' id='par_1_6' title="bbox 442 3367 1779 3711">
     <span class='ocr_line' id='line_1_27' title="bbox 501 3367 1773 3487; baseline 0.002 -33"><span class='ocrx_word' id='word_1_212' title='bbox 501 3375 642 3455; x_wconf 86' lang='lat' dir='ltr'>Codex</span> <span class='ocrx_word' id='word_1_213' title='bbox 657 3370 956 3487; x_wconf 86' lang='lat' dir='ltr'>Evangeliorum</span> <span class='ocrx_word' id='word_1_214' title='bbox 968 3367 1240 3483; x_wconf 81' lang='lat' dir='ltr'>aliusejusd&#39;em</span> <span class='ocrx_word' id='word_1_215' title='bbox 1251 3376 1386 3474; x_wconf 75' lang='lat' dir='ltr'>aetatis,</span> <span class='ocrx_word' id='word_1_216' title='bbox 1396 3368 1635 3479; x_wconf 63' lang='lat' dir='ltr'>bonosum,</span> <span class='ocrx_word' id='word_1_217' title='bbox 1648 3402 1773 3457; x_wconf 85' lang='lat' dir='ltr'>mem-</span> 
     </span>
     <span class='ocr_line' id='line_1_28' title="bbox 442 3478 1779 3597; baseline 0.006 -36"><span class='ocrx_word' id='word_1_218' title='bbox 442 3478 767 3589; x_wconf 65' lang='lat' dir='ltr'>branaceuscum</span> <span class='ocrx_word' id='word_1_219' title='bbox 777 3482 1087 3597; x_wconf 76' lang='lat' dir='ltr'>epistolaEusebii</span> <span class='ocrx_word' id='word_1_220' title='bbox 1099 3486 1307 3595; x_wconf 86' lang='lat' dir='ltr'>Carpiano.</span> <span class='ocrx_word' id='word_1_221' title='bbox 1329 3486 1426 3566; x_wconf 91' lang='lat' dir='ltr'>Duo</span> <span class='ocrx_word' id='word_1_222' title='bbox 1437 3486 1534 3565; x_wconf 88' lang='lat' dir='ltr'>item</span> <span class='ocrx_word' id='word_1_223' title='bbox 1542 3483 1607 3565; x_wconf 85' lang='lat' dir='ltr'>alii</span> <span class='ocrx_word' id='word_1_224' title='bbox 1617 3486 1779 3569; x_wconf 84' lang='lat' dir='ltr'>codices</span> 
     </span>
     <span class='ocr_line' id='line_1_29' title="bbox 442 3593 1302 3711; baseline -0.002 -34"><span class='ocrx_word' id='word_1_225' title='bbox 442 3596 743 3711; x_wconf 85' lang='lat' dir='ltr'>Evangeliorum</span> <span class='ocrx_word' id='word_1_226' title='bbox 761 3601 920 3678; x_wconf 90' lang='lat' dir='ltr'>minoris</span> <span class='ocrx_word' id='word_1_227' title='bbox 934 3621 1036 3677; x_wconf 84' lang='lat' dir='ltr'>notae</span> <span class='ocrx_word' id='word_1_228' title='bbox 1048 3593 1302 3677; x_wconf 74' lang='lat' dir='ltr'>&amp;vetustatis</span> 
     </span>
    </p>
   </div>
   <div class='ocr_carea' id='block_1_2' title="bbox 497 3704 1545 3900">
    <p class='ocr_par' dir='ltr' id='par_1_7' title="bbox 497 3704 1545 3900">
     <span class='ocr_line' id='line_1_30' title="bbox 497 3704 1545 3900; baseline 0.001 -112"><span class='ocrx_word' id='word_1_229' title='bbox 497 3709 595 3789; x_wconf 74' lang='lat' dir='ltr'>Aua</span> <span class='ocrx_word' id='word_1_230' title='bbox 612 3708 890 3900; x_wconf 64' lang='lat' dir='ltr'>Apostolorum</span> <span class='ocrx_word' id='word_1_231' title='bbox 910 3713 951 3789; x_wconf 92' lang='lat' dir='ltr'>in</span> <span class='ocrx_word' id='word_1_232' title='bbox 970 3707 1108 3788; x_wconf 88' lang='lat' dir='ltr'>codice</span> <span class='ocrx_word' id='word_1_233' title='bbox 1130 3704 1369 3816; x_wconf 90' lang='lat' dir='ltr'>bombycino</span> <span class='ocrx_word' id='word_1_234' title='bbox 1385 3711 1545 3789; x_wconf 84' lang='lat' dir='ltr'>recenti.</span> 
     </span>
    </p>
   </div>
   <div class='ocr_carea' id='block_1_3' title="bbox 432 3817 1781 4936">
    <p class='ocr_par' dir='ltr' id='par_1_8' title="bbox 432 3817 1781 4936">
     <span class='ocr_line' id='line_1_31' title="bbox 498 3817 1780 3932; baseline 0.002 -31"><span class='ocrx_word' id='word_1_235' title='bbox 498 3820 639 3901; x_wconf 84' lang='lat' dir='ltr'>Codex</span> <span class='ocrx_word' id='word_1_236' title='bbox 687 3820 906 3902; x_wconf 84' lang='lat' dir='ltr'>omiliarum</span> <span class='ocrx_word' id='word_1_237' title='bbox 924 3824 968 3900; x_wconf 91' lang='lat' dir='ltr'>in·</span> <span class='ocrx_word' id='word_1_238' title='bbox 984 3817 1238 3932; x_wconf 85' lang='lat' dir='ltr'>Evangelium</span> <span class='ocrx_word' id='word_1_239' title='bbox 1254 3822 1298 3896; x_wconf 85' lang='lat' dir='ltr'>in·</span> <span class='ocrx_word' id='word_1_240' title='bbox 1311 3817 1449 3898; x_wconf 86' lang='lat' dir='ltr'>charta</span> <span class='ocrx_word' id='word_1_241' title='bbox 1475 3818 1780 3903; x_wconf 74' lang='lat' dir='ltr'>membranacea·</span> 
     </span>
     <span class='ocr_line' id='line_1_32' title="bbox 453 3928 1778 4043; baseline 0.002 -33"><span class='ocrx_word' id='word_1_242' title='bbox 453 3960 636 4043; x_wconf 12' lang='lat' dir='ltr'>uurpureo</span> <span class='ocrx_word' id='word_1_243' title='bbox 663 3932 828 4036; x_wconf 86' lang='lat' dir='ltr'>colore,</span> <span class='ocrx_word' id='word_1_244' title='bbox 850 3936 972 4013; x_wconf 87' lang='lat' dir='ltr'>aureis</span> <span class='ocrx_word' id='word_1_245' title='bbox 999 3928 1280 4011; x_wconf 60' lang='lat' dir='ltr'>characteribus</span> <span class='ocrx_word' id='word_1_246' title='bbox 1300 3929 1478 4040; x_wconf 86' lang='lat' dir='ltr'>quadris,</span> <span class='ocrx_word' id='word_1_247' title='bbox 1493 3962 1581 4012; x_wconf 90' lang='lat' dir='ltr'>cum</span> <span class='ocrx_word' id='word_1_248' title='bbox 1604 3938 1778 4014; x_wconf 82' lang='lat' dir='ltr'>accenti-</span> 
     </span>
     <span class='ocr_line' id='line_1_33' title="bbox 441 3958 1781 4157; baseline 0.001 -36"><span class='ocrx_word' id='word_1_249' title='bbox 441 3958 514 4122; x_wconf 75' lang='lat' dir='ltr'>bus</span> <span class='ocrx_word' id='word_1_250' title='bbox 539 4040 801 4155; x_wconf 88' lang='lat' dir='ltr'>spiritibusque</span> <span class='ocrx_word' id='word_1_251' title='bbox 824 4044 949 4157; x_wconf 68' lang='lat' dir='ltr'>primi</span> <span class='ocrx_word' id='word_1_252' title='bbox 967 4070 1085 4123; x_wconf 82' lang='lat' dir='ltr'>manu</span> <span class='ocrx_word' id='word_1_253' title='bbox 1103 4045 1144 4122; x_wconf 88' lang='lat' dir='ltr'>in</span> <span class='ocrx_word' id='word_1_254' title='bbox 1159 4049 1209 4144; x_wconf 82' lang='lat'>4⁰</span> <span class='ocrx_word' id='word_1_255' title='bbox 1231 4036 1382 4153; x_wconf 89' lang='lat' dir='ltr'>septimi</span> <span class='ocrx_word' id='word_1_256' title='bbox 1402 4040 1477 4123; x_wconf 87' lang='lat' dir='ltr'>srve</span> <span class='ocrx_word' id='word_1_257' title='bbox 1495 4046 1623 4123; x_wconf 67' lang='lat' dir='ltr'>oelavi</span> <span class='ocrx_word' id='word_1_258' title='bbox 1638 4039 1781 4124; x_wconf 66' lang='lat' dir='ltr'>saectdie</span> 
     </span>
     <span class='ocr_line' id='line_1_34' title="bbox 437 4147 1777 4269; baseline 0.001 -37"><span class='ocrx_word' id='word_1_259' title='bbox 437 4181 643 4263; x_wconf 82' lang='lat' dir='ltr'>quoaeuo,</span> <span class='ocrx_word' id='word_1_260' title='bbox 663 4180 706 4235; x_wconf 91' lang='lat' dir='ltr'>ut</span> <span class='ocrx_word' id='word_1_261' title='bbox 724 4180 924 4266; x_wconf 84' lang='lat' dir='ltr'>putamus,</span> <span class='ocrx_word' id='word_1_262' title='bbox 948 4148 1097 4269; x_wconf 88' lang='lat' dir='ltr'>spiritus</span> <span class='ocrx_word' id='word_1_263' title='bbox 1113 4147 1370 4263; x_wconf 70' lang='lat' dir='ltr'>occentusque</span> <span class='ocrx_word' id='word_1_264' title='bbox 1393 4157 1573 4234; x_wconf 89' lang='lat' dir='ltr'>annotari</span> <span class='ocrx_word' id='word_1_265' title='bbox 1598 4178 1777 4268; x_wconf 84' lang='lat' dir='ltr'>coeptum</span> 
     </span>
     <span class='ocr_line' id='line_1_35' title="bbox 439 4258 1776 4377; baseline -0.003 -31"><span class='ocrx_word' id='word_1_266' title='bbox 439 4263 506 4346; x_wconf 87' lang='lat' dir='ltr'>est.</span> <span class='ocrx_word' id='word_1_267' title='bbox 523 4269 668 4377; x_wconf 89' lang='lat' dir='ltr'>Neque</span> <span class='ocrx_word' id='word_1_268' title='bbox 686 4290 818 4349; x_wconf 87' lang='lat' dir='ltr'>tamen</span> <span class='ocrx_word' id='word_1_269' title='bbox 837 4264 1016 4347; x_wconf 88' lang='lat' dir='ltr'>omnibus</span> <span class='ocrx_word' id='word_1_270' title='bbox 1034 4271 1074 4346; x_wconf 90' lang='lat' dir='ltr'>in</span> <span class='ocrx_word' id='word_1_271' title='bbox 1084 4263 1243 4345; x_wconf 83' lang='lat' dir='ltr'>vocibus</span> <span class='ocrx_word' id='word_1_272' title='bbox 1257 4286 1438 4345; x_wconf 88' lang='lat' dir='ltr'>accentus</span> <span class='ocrx_word' id='word_1_273' title='bbox 1449 4258 1776 4377; x_wconf 85' lang='lat' dir='ltr'>comparent,sed</span> 
     </span>
     <span class='ocr_line' id='line_1_36' title="bbox 440 4371 1777 4491; baseline -0.001 -35"><span class='ocrx_word' id='word_1_274' title='bbox 440 4375 534 4457; x_wconf 91' lang='lat' dir='ltr'>hinc</span> <span class='ocrx_word' id='word_1_275' title='bbox 552 4386 592 4459; x_wconf 73' lang='grc' dir='ltr'>δι</span> <span class='ocrx_word' id='word_1_276' title='bbox 606 4376 697 4459; x_wconf 88' lang='lat' dir='ltr'>inde</span> <span class='ocrx_word' id='word_1_277' title='bbox 714 4372 831 4491; x_wconf 88' lang='lat' dir='ltr'>sparsi</span> <span class='ocrx_word' id='word_1_278' title='bbox 844 4375 939 4460; x_wconf 89' lang='lat' dir='ltr'>sunt.</span> <span class='ocrx_word' id='word_1_279' title='bbox 960 4371 1202 4488; x_wconf 67' lang='lat' dir='ltr'>Huiusmodi</span> <span class='ocrx_word' id='word_1_280' title='bbox 1215 4372 1372 4457; x_wconf 90' lang='lat' dir='ltr'>codices</span> <span class='ocrx_word' id='word_1_281' title='bbox 1386 4378 1652 4487; x_wconf 85' lang='lat' dir='ltr'>Hieronymus</span> <span class='ocrx_word' id='word_1_282' title='bbox 1670 4377 1777 4455; x_wconf 80' lang='lat' dir='ltr'>Prae-</span> 
     </span>
     <span class='ocr_line' id='line_1_37' title="bbox 440 4484 1778 4598; baseline -0.001 -30"><span class='ocrx_word' id='word_1_283' title='bbox 440 4486 588 4570; x_wconf 85' lang='lat' dir='ltr'>satione</span> <span class='ocrx_word' id='word_1_284' title='bbox 604 4493 645 4571; x_wconf 89' lang='lat' dir='ltr'>in</span> <span class='ocrx_word' id='word_1_285' title='bbox 664 4488 806 4570; x_wconf 88' lang='lat' dir='ltr'>librum</span> <span class='ocrx_word' id='word_1_286' title='bbox 868 4490 892 4571; x_wconf 93' lang='lat' dir='ltr'>b</span> <span class='ocrx_word' id='word_1_287' title='bbox 914 4512 1110 4573; x_wconf 86' lang='lat' dir='ltr'>memorat</span> <span class='ocrx_word' id='word_1_288' title='bbox 1128 4487 1186 4567; x_wconf 88' lang='lat' dir='ltr'>his</span> <span class='ocrx_word' id='word_1_289' title='bbox 1206 4484 1331 4567; x_wconf 80' lang='lat' dir='ltr'>verbis</span> <span class='ocrx_word' id='word_1_290' title='bbox 1350 4524 1366 4567; x_wconf 70' lang='grc' dir='ltr'>ι.</span> <span class='ocrx_word' id='word_1_291' title='bbox 1381 4488 1595 4585; x_wconf 82' lang='lat' dir='ltr'>Habeant,</span> <span class='ocrx_word' id='word_1_292' title='bbox 1613 4489 1741 4598; x_wconf 85' lang='lat' dir='ltr'>iuquit</span> <span class='ocrx_word' id='word_1_293' title='bbox 1758 4551 1778 4589; x_wconf 73' lang='lat'>‚</span> 
     </span>
     <span class='ocr_line' id='line_1_38' title="bbox 440 4598 1769 4710; baseline -0.003 -31"><span class='ocrx_word' id='word_1_294' title='bbox 440 4612 506 4710; x_wconf 83' lang='lat' dir='ltr'>qui</span> <span class='ocrx_word' id='word_1_295' title='bbox 520 4601 643 4681; x_wconf 83' lang='lat' dir='ltr'>volunt</span> <span class='ocrx_word' id='word_1_296' title='bbox 659 4626 792 4681; x_wconf 82' lang='lat' dir='ltr'>veteres</span> <span class='ocrx_word' id='word_1_297' title='bbox 825 4600 915 4682; x_wconf 78' lang='lat' dir='ltr'>ibros</span> <span class='ocrx_word' id='word_1_298' title='bbox 932 4664 945 4697; x_wconf 87' lang='lat'><strong><em>,</em></strong></span> <span class='ocrx_word' id='word_1_299' title='bbox 968 4601 1032 4681; x_wconf 86' lang='lat' dir='ltr'>ves</span> <span class='ocrx_word' id='word_1_300' title='bbox 1041 4613 1078 4681; x_wconf 80' lang='lat' dir='ltr'>in</span> <span class='ocrx_word' id='word_1_301' title='bbox 1094 4598 1305 4678; x_wconf 64' lang='lat' dir='ltr'>membranis</span> <span class='ocrx_word' id='word_1_302' title='bbox 1316 4613 1495 4705; x_wconf 70' lang='lat' dir='ltr'>purpureis</span> <span class='ocrx_word' id='word_1_303' title='bbox 1508 4630 1594 4678; x_wconf 85' lang='lat' dir='ltr'>aum</span> <span class='ocrx_word' id='word_1_304' title='bbox 1612 4621 1769 4709; x_wconf 62' lang='lat' dir='ltr'>argenta</span> 
     </span>
     <span class='ocr_line' id='line_1_39' title="bbox 440 4710 1772 4823; baseline -0.003 -34"><span class='ocrx_word' id='word_1_305' title='bbox 440 4740 517 4821; x_wconf 80' lang='lat' dir='ltr'>que</span> <span class='ocrx_word' id='word_1_306' title='bbox 527 4710 706 4823; x_wconf 74' lang='lat' dir='ltr'>descriptos</span> <span class='ocrx_word' id='word_1_307' title='bbox 723 4751 735 4791; x_wconf 88' lang='lat'>.·</span> <span class='ocrx_word' id='word_1_308' title='bbox 753 4713 818 4792; x_wconf 82' lang='lat' dir='ltr'>vel</span> <span class='ocrx_word' id='word_1_309' title='bbox 832 4713 1028 4792; x_wconf 76' lang='lat' dir='ltr'>uncialibus</span> <span class='ocrx_word' id='word_1_310' title='bbox 1049 4719 1069 4815; x_wconf 85' lang='lat'><em>(</em></span> <span class='ocrx_word' id='word_1_311' title='bbox 1085 4735 1125 4791; x_wconf 86' lang='lat' dir='ltr'>ut</span> <span class='ocrx_word' id='word_1_312' title='bbox 1137 4711 1245 4821; x_wconf 81' lang='lat' dir='ltr'>vulgo</span> <span class='ocrx_word' id='word_1_313' title='bbox 1262 4721 1367 4788; x_wconf 85' lang='lat' dir='ltr'>aiunt</span> <span class='ocrx_word' id='word_1_314' title='bbox 1385 4717 1405 4811; x_wconf 87' lang='lat'><em>)</em></span> <span class='ocrx_word' id='word_1_315' title='bbox 1424 4710 1552 4790; x_wconf 67' lang='lat' dir='ltr'>litteus</span> <span class='ocrx_word' id='word_1_316' title='bbox 1561 4737 1686 4806; x_wconf 81' lang='lat' dir='ltr'>,onera</span> <span class='ocrx_word' id='word_1_317' title='bbox 1694 4737 1772 4785; x_wconf 84' lang='lat' dir='ltr'>ma-</span> 
     </span>
     <span class='ocr_line' id='line_1_40' title="bbox 432 4818 1778 4936; baseline -0.001 -35"><span class='ocrx_word' id='word_1_318' title='bbox 432 4837 497 4936; x_wconf 70' lang='lat' dir='ltr'>gu</span> <span class='ocrx_word' id='word_1_319' title='bbox 511 4848 666 4904; x_wconf 74' lang='lat' dir='ltr'>exarata</span> <span class='ocrx_word' id='word_1_320' title='bbox 678 4854 790 4936; x_wconf 86' lang='lat' dir='ltr'>quam</span> <span class='ocrx_word' id='word_1_321' title='bbox 804 4825 943 4906; x_wconf 71' lang='lat' dir='ltr'>codices.</span> <span class='ocrx_word' id='word_1_322' title='bbox 968 4822 1169 4910; x_wconf 80' lang='lat' dir='ltr'>Dummodo</span> <span class='ocrx_word' id='word_1_323' title='bbox 1185 4818 1276 4902; x_wconf 76' lang='lat' dir='ltr'>mibi</span> <span class='ocrx_word' id='word_1_324' title='bbox 1293 4819 1445 4934; x_wconf 75' lang='lat' dir='ltr'>meisque</span> <span class='ocrx_word' id='word_1_325' title='bbox 1456 4834 1670 4933; x_wconf 74' lang='lat' dir='ltr'>permittant</span> <span class='ocrx_word' id='word_1_326' title='bbox 1679 4840 1778 4928; x_wconf 81' lang='lat' dir='ltr'>pau-</span> 
     </span>
    </p>
   </div>
   <div class='ocr_carea' id='block_1_4' title="bbox 0 0 2212 5692">
    <p class='ocr_par' dir='ltr' id='par_1_9' title="bbox 0 0 2212 5692">
     <span class='ocr_line' id='line_1_41' title="bbox 0 0 2212 5692; baseline 0 11"><span class='ocrx_word' id='word_1_327' title='bbox 0 0 2212 5692; x_wconf 95' lang='lat' dir='ltr'> </span> 
     </span>
    </p>
   </div>
  </div>
 </body>
</html>
