4264 5684
993 470 1119 594 Capru
1144 463 1339 557 oc‘lavum.
1747 503 1820 587 107

516 634 598 700 tur,
616 603 743 681 cubito
769 598 806 676 in
829 624 925 705 genu
940 598 1059 703 posito
1077 600 1157 674 nixa
1172 634 1178 674 :
1192 628 1264 703 qua
1287 598 1477 705 conspecia
1496 598 1627 676 Petrus
1647 600 1722 676 Leo
1738 605 1813 681 Ca·
1838 643 1858 671 ιε

511 717 664 807 llrllns,
694 715 734 785 irs
762 713 796 784 in
823 708 929 783 rebus
958 705 1191 813 petitillrmus
1212 770 1222 804 ,
1242 710 1293 785 ait
1311 704 1381 785 effe
1402 710 1630 786 Vitiorinanr
1658 737 1812 787 matrem
1837 752 1856 777 a

514 822 734 900 Castrorum.
1834 855 1858 923 “.

566 937 616 1007 At
635 954 689 1002 res
707 924 822 1001 dubio
843 950 913 998 non
931 948 1039 998 vacat
1056 960 1064 1000 ε
1081 924 1270 1002 Vidiorina
1294 923 1430 1028 quippe
1447 927 1562 1005 virilis
1580 924 1739 1006 audaciae
1757 925 1814 1005 fe·

512 1040 612 1115 mina
623 1100 633 1133 ‚
652 1062 759 1138 penes
775 1060 883 1141 quam
898 1035 935 1108 in
953 1034 1086 1108 Galliis
1100 1036 1330 1136 aliquantum
1347 1040 1520 1137 temporis
1534 1034 1674 1114 summa
1691 1066 1813 1114 rerum

513 1142 605 1239 fuir,
627 1143 718 1219 adeo
741 1171 779 1217 ur
802 1143 925 1215 Mater
945 1140 1138 1217 castrorum
1159 1141 1179 1219 ”a
1197 1139 1379 1215 militibus
1396 1147 1686 1232 renuntiaretur3
1715 1148 1814 1222 mul-

512 1279 568 1328 tos
590 1252 739 1358 quidem
758 1251 918 1326 Gallieni
944 1275 1110 1354 tempore
1131 1248 1176 1327 ad
1195 1250 1390 1353 imperium
1413 1244 1682 1355 suscipiendum
1707 1252 1814 1329 indu·

511 1363 564 1436 xit
593 1388 705 1463 atque
735 1355 832 1434 fovit
861 1392 869 1439 ;
899 1384 1026 1431 verum
1047 1360 1175 1435 Roma
1199 1386 1240 1434 ut
1268 1357 1377 1434 hostis
1406 1358 1531 1435 habita
1551 1363 1631 1457 est,
1664 1356 1816 1463 ejusque

512 1474 651 1546 nummi
677 1469 739 1568 qui
766 1465 938 1539 ludentis
961 1464 1124 1560 exstant,
1144 1466 1304 1542 Treviris
1330 1466 1401 1541 cusi
1424 1465 1533 1543 sunt:
1555 1496 1673 1572 neque
1697 1469 1815 1545 fimile

511 1580 586 1653 veri
605 1576 654 1649 cst
677 1577 805 1648 statuas
835 1572 896 1677 ipit
917 1574 1044 1650 Rome
1068 1575 1202 1649 eredas
1227 1571 1341 1654 fuill'e.
1375 1569 1435 1649 Ad
1458 1573 1555 1674 hac,
1582 1578 1719 1652 summa
1740 1572 1815 1652 fuit

513 1685 577 1759 isto
598 1711 674 1759 aruo
696 1685 825 1758 llomar
842 1683 1017 1758 statuariae
1037 1682 1123 1757 artis
1142 1682 1344 1787 imperitia,
1361 1706 1402 1756 ut
1418 1684 1554 1757 mirum
1572 1683 1596 1759 sr
1614 1688 1696 1787 quis
1719 1685 1817 1758 nati·

512 1818 600 1870 vam
630 1792 791 1866 mulieris
809 1789 991 1898 effigiem,
1015 1815 1090 1865 tam
1115 1815 1284 1865 accurate
1310 1786 1541 1894 expresserit,
1562 1789 1709 1893 quando
1734 1817 1817 1867 ma·

513 1894 611 1973 ximd
634 1927 679 1973 ex
700 1902 858 1974 nummis
878 1898 955 1996 ejus
978 1899 1042 2000 qui
1061 1894 1223 1971 rarillrmi
1248 1894 1332 1972 sunt
1357 1912 1392 1977 δι
1414 1895 1531 1971 saculi
1557 1898 1814 2004 inelegantiam

514 2009 615 2080 olent
638 2009 698 2080 uix
720 2006 836 2109 potest
855 2033 940 2081 vera
959 2008 1053 2081 illius
1073 2000 1191 2081 forma
1208 2001 1444 2108 deprehendi.
1476 2005 1654 2107 Denique
1675 2004 1816 2079 numis-

516 2139 613 2188 mata
628 2114 855 2191 Vit‘lorinam
875 2115 1014 2219 galeato
1034 2113 1155 2215 capite
1176 2115 1404 2217 exprimunt,
1426 2114 1539 2218 longe
1555 2110 1700 2189 diverso
1720 2109 1818 2187 scili·

513 2247 575 2297 cet
596 2218 616 2295 ‘a
634 2248 839 2296 memorata
853 2223 964 2298 statua
982 2223 1097 2296 cultu.

568 2331 609 2404 In
632 2329 860 2405 Monasterio
884 2330 918 2405 S.
933 2330 1086 2419 Antonii
1102 2330 1295 2405 Gallorum
1317 2328 1405 2404 huie
1427 2326 1580 2404 basilica:
1599 2327 1737 2423 vicino,
1756 2355 1817 2405 ru-

513 2433 599 2511 dera
624 2435 790 2512 visuntur
821 2438 963 2539 antiqui
990 2439 1122 2513 Diana:
1148 2440 1321 2540 Templi,
1350 2464 1429 2540 qua:
1455 2437 1492 2510 in
1517 2437 1691 2511 horreum
1713 2438 1817 2515 versa

516 2541 608 2620 sunt.
646 2545 688 2618 ln
709 2543 828 2619 horrei
848 2572 951 2620 muro
967 2545 1092 2620 musivi
1112 2547 1231 2649 operis
1252 2542 1368 2648 sparsa
1386 2544 1475 2619 hinc
1499 2555 1536 2622 &
1560 2540 1645 2619 inde
1665 2546 1815 2650 vestigia

515 2646 777 2744 observantur,
799 2680 877 2753 quae
904 2680 1059 2728 venatus
1082 2649 1246 2756 ferasque
1270 2650 1452 2755 sylvaticas
1471 2645 1704 2748 referebant,
1733 2679 1814 2756 ger-

515 2786 625 2835 mana
642 2760 774 2834 Dianae
792 2758 964 2862 symbola.
997 2764 1051 2836 Ex
1070 2756 1168 2835 lrisec
1184 2757 1374 2835 ruderibus
1394 2784 1498 2834 eruta
1518 2759 1666 2864 gemina
1686 2758 1814 2833 musivi

514 2868 635 2971 operis
654 2861 760 2941 frusta
779 2868 815 2940 in
832 2871 1009 2971 capellam
1033 2864 1140 2941 sancii
1155 2871 1311 2943 Antonii
1330 2867 1495 2943 transsata
1514 2869 1599 2942 sunt
1610 2926 1621 2959 ,
1636 2878 1695 2963 dt,
1709 2868 1815 2941 vario

516 3000 718 3067 marmore,
741 2977 777 3047 in
795 2998 953 3076 utroque
972 2974 1083 3049 latere
1106 2975 1252 3077 capella:
1271 2975 1417 3049 leonem
1444 2975 1506 3076 qni
1525 2998 1676 3050 vaccam
1702 2968 1814 3049 suffo-

515 3105 578 3159 cat
594 3083 818 3183 exprimunt.
852 3081 935 3156 Nec
953 3105 1105 3156 moveat
1124 3107 1234 3185 quem
1263 3080 1336 3156 iam
1355 3079 1459 3187 quod
1478 3082 1578 3156 nulla
1595 3084 1724 3186 templi
1745 3083 1816 3157 hu-

519 3188 619 3287 jnsce
642 3190 679 3262 in
707 3184 842 3283 Rufo,
870 3189 1016 3265 vidore
1045 3185 1199 3292 aliisque
1230 3110 1464 3295 iiriptoribus
1494 3188 1606 3266 exstet
1627 3186 1813 3265 memoriass

517 3294 618 3371 Nam
637 3295 776 3371 infinita
794 3322 884 3399 pene
903 3295 1112 3398 hujusmodi
1128 3324 1299 3373 eruuntur
1320 3297 1446 3376 indies
1462 3299 1633 3375 ramnus
1653 3296 1816 3373 inobser-

518 3428 624 3498 vata,
642 3404 803 3477 intafla:
831 3406 940 3506 quale
967 3405 1017 3480 est
1040 3407 1221 3506 templum
1245 3406 1397 3483 Mitlrrae
1428 3409 1465 3482 in
1488 3407 1584 3482 valle
1604 3405 1817 3501 viminalis,

518 3503 662 3614 dequo
683 3537 728 3584 ne
749 3514 808 3610 26¹3
829 3511 983 3612 quidem
1007 3509 1106 3616 apud
1125 3508 1340 3616 scriptores:
1364 3511 1539 3616 cujusque
1561 3512 1671 3588 situm
1690 3525 1727 3592 δι
1740 3509 1817 3590 for·

518 3645 618 3693 mam
638 3616 703 3692 suo
724 3620 807 3691 loco
829 3622 995 3722 reperies

576 3728 720 3802 Hortos
741 3729 1062 3821 nlaecenar'ranos,
1091 3726 1161 3802 hac
1190 3729 1226 3803 in
1250 3752 1353 3832 parte
1374 3721 1479 3802 foiss'e
1499 3732 1657 3834 regionis
1682 3730 1818 3835 Esqui-

520 3836 603 3912 lina
623 3833 719 3926 sitos,
734 3838 901 3908 omniurn
919 3862 1010 3937 pene
1030 3835 1180 3909 calculis
1200 3832 1425 3911 eruditorum
1446 3831 1629 3933 offeritur,
1650 3838 1702 3913 ita
1724 3839 1819 3914 scili-

521 3968 579 4017 cet
596 3968 635 4015 ut
655 3938 674 4016 ‘a
692 3944 830 4044 templo
851 3942 996 4019 circiter
1016 3942 1050 4016 S.
1065 3943 1217 4018 Martini
1238 3943 1274 4017 in
1292 3942 1479 4021 montibus
1497 3943 1543 4019 ad
1560 3972 1707 4052 aggeres
1727 3949 1819 4022 Tar·

521 4051 640 4153 qninii
658 4111 668 4143 ‚
689 4051 755 4150 qni
785 4074 881 4151 ponc
909 4050 1169 4127 §.Antonium
1194 4050 1360 4126 hallenos
1380 4049 1575 4145 videntur,
1593 4057 1820 4159 pertigerinr,

521 4159 705 4259 complexi
727 4157 921 4233 lrodiernas
943 4158 1006 4233 SS.
1024 4160 1103 4233 Viti
1117 4170 1154 4235 &
1171 4157 1334 4235 Modesti
1351 4184 1462 4262 atque
1481 4160 1516 4234 S.
1530 4162 1683 4236 Antonii
1704 4158 1818 4251 sedes,

524 4265 625 4368 quod
645 4293 688 4339 ex
701 4267 834 4340 Tacito
856 4261 1014 4342 maxim&
1034 4277 1123 4343 &ex
1138 4266 1305 4340 Martiali
1325 4270 1498 4343 eruimus.
1531 4267 1632 4343 Prior
1651 4269 1747 4341 enim
1766 4266 1821 4342 ait

524 4373 588 4450 lib.
603 4402 651 4471 15.
668 4386 705 4446 N
708 4401 760 4447 ero
772 4378 874 4449 Antii
890 4403 989 4476 agens
1008 4399 1075 4448 non
1092 4394 1169 4446 ante
1187 4375 1224 4443 in
1237 4375 1359 4453 Urbem
1376 4374 1533 4474 rearrffirs
1551 4380 1619 4447 eff.
1638 4402 1737 4477 quam
1757 4376 1821 4447 do.

524 4486 599 4555 mui
621 4487 713 4592 ejus,
734 4510 799 4581 qur
821 4485 992 4555 inlatum
1021 4508 1063 4567 (γ
1083 4486 1277 4555 Maenalis
1301 4472 1420 4559 hortos*
1432 4489 1707 4571 continuaverat,
1731 4493 1742 4557 i
1741 4481 1822 4587 grui

516 4592 766 4700 propinquaret.
789 4593 879 4697 Q)
895 4591 999 4693 pallo
1018 4612 1141 4667 autem
1153 4588 1418 4669 continuaverit
1431 4587 1752 4697 aperitMartialis.

1568 4800 1664 4908 on
