4060 5700
708 537 743 621 P
776 536 811 622 R
852 539 909 625 AE
937 540 967 622 F
1000 537 1036 619 Α
1075 535 1112 618 T
1146 535 1175 620 I
1208 542 1255 629 0.

319 690 408 790 que
422 648 677 754 inscribatur
700 694 822 791 opus.
871 668 913 758 P.
940 703 1002 782 39.
1033 655 1267 758 Theodori
1295 663 1565 765 Antioclieni
1591 678 1639 770 in

318 790 553 927 prophetas
577 829 686 928 opus
709 805 1017 915 enuntiamus,
1039 830 1082 891 at
1106 826 1151 960 ut
1171 794 1307 927 paulo
1337 801 1433 932 post
1457 816 1637 929 monui,

318 939 507 1025 incertus
531 929 677 1027 hereo
709 964 856 1030 utrum
878 968 967 1029 vox
992 935 1185 1069 Α’νποχεος
1202 969 1253 1029 ex
1277 946 1489 1070 opinione
1513 978 1536 1034 a
1567 979 1639 1039 me

318 1066 492 1191 adjecta
515 1062 672 1190 fuerit,
699 1103 758 1163 an
785 1077 831 1166 in
860 1069 1016 1166 codice
1036 1105 1138 1167 vere
1165 1069 1337 1204 legatur
1362 1130 1374 1195 3
1407 1076 1451 1169 id
1474 1072 1639 1174 solunt.

318 1203 458 1301 niodo
487 1200 720 1301 adfirmare
749 1202 879 1321 licet,
906 1217 951 1303 in
968 1205 1108 1302 altero
1134 1203 1284 1304 saltent
1310 1211 1501 1335 codice,
1534 1249 1641 1309 narn

318 1340 409 1436 duo
434 1351 627 1438 Veneriis
657 1340 745 1438 laoc
776 1380 885 1479 opus
917 1338 1270 1466 circumferunt,
1306 1358 1440 1441 taceri
1471 1383 1641 1446 nomen

317 1477 599 1580 Antiocheni.
635 1477 892 1577 lambecius
917 1477 1029 1578 libro
1047 1520 1102 1580 tv,
1132 1518 1170 1611 p.
1197 1526 1276 1606 253.
1301 1480 1519 1615 hocopus
1548 1520 1637 1580 nae-

317 1650 462 1711 morat
483 1618 548 1714 his
570 1612 726 1714 verbis.
768 1621 965 1715 Theodori
986 1619 1218 1714 Antiocheni
1232 1700 1246 1740 ,
1262 1621 1636 1751 Mopficestiaeinci-

316 1757 412 1849 licia
428 1756 594 1887 episcopi
610 1834 622 1875 ‚
641 1761 714 1890 qui
737 1762 833 1851 circa
852 1793 1001 1851 anirum
1024 1755 1166 1883 Christi
1185 1799 1281 1881 430.
1307 1761 1518 1887 autpaulo
1540 1788 1635 1854 ante

317 1889 442 2008 obiit,
470 1896 662 2024 exposttio
680 1902 726 1986 in
754 1898 962 1987 duodecim
995 1895 1212 2025 Prophetas
1239 1895 1569 2015 minoresocxstat
1591 1901 1639 1987 iu

320 2032 444 2121 codice
468 2062 692 2132 ccxtrr.
758 2038 898 2153 P.14.
932 2027 1144 2127 Proculus
1177 2037 1223 2123 in
1255 2029 1564 2125 Parmenidetn
1594 2039 1642 2125 in

319 2159 423 2260 serie
440 2159 652 2286 habetur,
676 2181 719 2259 &
733 2163 963 2299 paulopost
978 2164 1096 2260 idern
1112 2163 1319 2263 Proculus
1332 2173 1379 2261 in
1398 2162 1639 2268 Euclidem.

322 2309 457 2396 Hunc
479 2298 564 2395 elle
581 2298 791 2399 Proclum
810 2301 1002 2399 Platonis
1021 2316 1064 2396 δε
1083 2299 1277 2400 Euclidis
1290 2312 1573 2433 interpretem
1585 2336 1643 2398 ne

319 2445 554 2535 minimum
582 2433 699 2537 dubii
721 2438 1098 2571 relinquitur,qni
1113 2447 1317 2572 imperite
1335 2435 1391 2535 ab
1406 2473 1644 2535 amanuen.

321 2569 354 2668 fi
373 2574 572 2709 quodam
587 2579 775 2671 Proculus
787 2583 1041 2687 enuntiatur
1059 2620 1069 2677 z
1088 2610 1195 2686 narn
1208 2570 1336 2672 hosce
1350 2576 1527 2671 codices
1545 2584 1644 2673 Pro-

322 2709 410 2807 culi
434 2719 482 2805 in
509 2708 715 2843 catalogo
744 2707 889 2808 loltlm
909 2711 1013 2811 vidi.

388 2856 438 2943 In
461 2854 588 2945 variis
610 2855 754 2947 Diatii
776 2848 882 2944 locis
904 2845 987 2943 alia
1011 2848 1219 2985 quadam
1234 2847 1432 2968 exstant,
1457 2885 1554 2981 quat
1580 2885 1646 2946 re.

320 2983 400 3084 bus
414 2977 666 3121 diligentiis
679 2983 933 3120 ponderatis
950 2981 1022 3081 hic
1033 2982 1308 3116 explicanda.
1323 2991 1423 3080 Pit.
1439 2986 1644 3083 codicem

323 3119 505 3220 Arabici
529 3129 678 3221 Lexici
691 3199 706 3241 ,
728 3120 876 3254 [arnus
899 3120 1005 3216 dicti
1019 3197 1032 3239 ,
1057 3154 1105 3213 ut
1131 3153 1357 3251 perrarum
1381 3129 1642 3219 notavimus.

322 3272 378 3359 Et
393 3260 456 3356 est
472 3260 653 3395 quidem
668 3267 711 3353 in
730 3255 851 3356 Italia
868 3292 1003 3357 ratus.
1047 3254 1131 3352 Sed
1148 3254 1317 3391 aliquot
1335 3246 1494 3351 ssmiles
1512 3263 1558 3352 in
1573 3265 1644 3355 Bi-

324 3394 554 3496 bliotltecis
575 3394 730 3493 nostris
752 3385 1134 3492 circumferuntur·

394 3543 440 3634 P.
468 3580 516 3659 15.
545 3529 801 3668 Apootafiaris
828 3532 1193 3664 Apotelesmaticc,
1235 3524 1544 3659 Aponaallares
1571 3528 1642 3626 ille

325 3667 508 3805 scriptor
530 3666 697 3790 Arabs,
726 3659 1420 3789 Abuntallar‚,s1chlbumallat
1453 3662 1647 3763 Arabico*

326 3841 636 3945 nuncupatur,
660 3816 778 3927 cujus
796 3798 936 3902 versio
961 3840 1015 3900 ex
1040 3797 1238 3905 Arabico
1272 3798 1442 3899 duobus
1471 3811 1645 3900 circiter

326 3942 433 4043 hinc
451 3936 611 4041 saeculis
634 3937 730 4041 cula
756 3951 956 4042 Veneriis
974 3935 1069 4037 fuit.

399 4088 441 4178 P.
466 4102 522 4180 18.
543 4078 936 4181 CodexPrudentii
966 4086 1012 4175 in
1039 4072 1317 4186 Bibliotheca
1341 4082 1488 4209 Regia
1509 4071 1649 4170 exstat

329 4226 553 4352 antiquior
571 4210 892 4339 Ambrostano,
910 4249 1043 4348 quern
1060 4221 1148 4324 D.J
1153 4207 1347 4309 ohannes
1363 4208 1648 4309 Mabillonius

330 4356 506 4477 noster,
530 4367 687 4490 peritus
709 4350 1014 4450 claaraclerum
1031 4346 1496 4473 veterumarbitet,ad
1509 4386 1547 4447 v.
1564 4355 1647 4443 cir.

333 4504 440 4593 citer
460 4488 660 4591 sacculum
673 4523 864 4591 revocat.

401 4643 512 4732 Non
540 4643 768 4731 Romanas
790 4629 960 4750 modo,
986 4619 1359 4742 Mediolanenses,
1381 4628 1648 4722 Venetianas

332 4784 377 4867 ὅ(
397 4769 667 4871 Florentinas
698 4765 991 4873 bibliothecas
1025 4767 1155 4870 adire.
1174 4773 1374 4901 primitus
1405 4761 1647 4862 destinave-
