4264 5684
401 489 456 563 60
851 454 1034 553 Diadum
1060 454 1249 557 Italicensi

356 636 377 669 ι.
400 619 615 708 argumento
629 592 668 671 in
678 590 1066 688 Marcumfflcmrcus
1083 596 1265 673 Palladius
1284 590 1346 673 lib.
1367 622 1394 697 5.
1422 613 1501 705 pag.
1518 604 1568 677 81.
1589 608 1627 677 δέ
1642 601 1700 678 82:

356 745 378 777 u
402 710 487 785 Rer.
505 705 718 805 forojulien.
735 713 772 781 δι
791 702 863 800 ejus
878 700 1006 806 Nepos
1022 710 1178 793 Joannes
1196 705 1403 781 Franciscus
1417 705 1596 781 Palladius
1617 733 1699 808 par-

356 852 379 887 ·
403 842 440 892 te
458 848 490 893 2.
513 813 636 890 histor.
656 809 877 909 forojulien.
905 837 985 916 pag.
1008 841 1042 904 9.
1072 815 1137 912 qui
1159 839 1227 886 una
1255 838 1339 888 cum
1368 820 1505 902 loanne
1524 811 1700 893 Candido

357 961 379 993 ι
402 927 465 1027 qui
486 925 519 998 ei
535 920 689 996 anteivit
709 918 746 990 in
766 942 966 994 comment.
987 916 1281 1020 Aquileienfibos
1302 920 1366 996 lib.
1385 955 1418 999 2.
1446 949 1526 1027 pag.
1547 936 1580 998 6.
1603 922 1699 1025 pari·

356 1050 379 1100 ’ω
402 1056 458 1109 ter
475 1029 646 1130 deceptus
662 1023 713 1099 est
730 1019 917 1100 asserendo
942 1026 1138 1128 posteriora
1159 1022 1251 1102 folia
1271 1027 1406 1104 codicis
1428 1028 1610 1103 Marciani
1636 1025 1699 1104 ab·

356 1170 380 1207 .
403 1140 478 1215 lara
500 1129 603 1211 fuisse
621 1132 642 1209 ir
660 1136 766 1239 Rege
788 1132 990 1238 Hungaria
1008 1131 1271 1238 Sigismundo,
1301 1160 1386 1211 cum
1406 1134 1639 1212 certissimum
1659 1136 1700 1211 srt

357 1268 380 1315 i·
402 1247 526 1323 aslum
556 1239 596 1319 id
620 1234 724 1318 fuiss'e
746 1237 767 1316 a
786 1241 923 1315 Carolo
941 1266 996 1317 rv.
1023 1264 1065 1314 ut
1086 1237 1257 1318 vidimus.
1283 1244 1457 1322 Praetereo
1480 1240 1699 1319 Dardanum

358 1386 381 1425 ι
404 1351 604 1428 diaconum
621 1353 680 1424 cui
692 1370 821 1423 manus
838 1347 954 1443 aruit,
974 1357 1013 1425 &
1025 1345 1179 1451 seipsum
1191 1348 1375 1455 discerpsit
1391 1378 1456 1449 ,eo
1477 1347 1577 1452 quod
1596 1346 1700 1426 ausus

360 1492 381 1528 ι.
403 1453 524 1536 fuisset
546 1458 674 1534 tollere
700 1449 938 1561 Evangelium
965 1451 1010 1528 de
1027 1455 1161 1552 altari,
1189 1484 1299 1561 quarn
1322 1463 1565 1534 narrationem
1589 1456 1701 1533 habet

360 1600 383 1636 ι
407 1563 588 1644 Palladius
616 1588 776 1664 uterque
802 1575 839 1640 δὲ
865 1557 1058 1639 Candidus
1076 1621 1087 1656 ,
1107 1562 1177 1638 ‘sed
1197 1567 1268 1640 sine
1296 1567 1492 1670 antiquiori
1521 1562 1700 1669 sponsore.

360 1709 381 1743 s·
406 1672 526 1780 Qod
546 1674 682 1750 Orator
699 1662 884 1746 Caesareus
903 1670 954 1742 ait
972 1667 1018 1742 de
1035 1670 1231 1774 infignibus
1263 1671 1365 1777 super
1387 1674 1614 1776 operimento
1635 1697 1701 1746 co-

357 1817 381 1849 ν
406 1781 528 1878 dicis,
558 1805 634 1855 non
661 1776 711 1854 est
731 1772 989 1880 accipiendum
1018 1802 1061 1850 ac
1084 1778 1108 1850 sr
1135 1780 1341 1855 Patriarcha
1364 1780 1495 1854 Gentis
1513 1779 1702 1857 Turriana:

359 1925 382 1958 ω
407 1890 562 1966 Venetis
588 1881 759 1963 eumdem
779 1880 948 1958 codicem
979 1877 1203 1980 tradidisset,
1222 1911 1306 1962 cum
1328 1911 1487 1991 quatuor
1507 1911 1551 1962 ex
1570 1883 1701 1961 eadem

359 2035 383 2065 ω
405 1996 512 2101 stirpe
529 1991 666 2072 fuerint
689 1990 735 2067 ab
755 2016 849 2065 anno
871 2017 968 2086 1272.
988 1988 1034 2064 ad
1057 2000 1152 2092 1358.
1177 2019 1217 2069 ut
1235 1993 1346 2072 habet
1366 1994 1540 2099 Uglrcllus
1563 2020 1656 2070 tom.
1672 2024 1702 2092 5.

361 2142 383 2171 ω
408 2105 521 2182 ltalia:
547 2102 679 2184 sacra:;
709 2095 770 2173 sed
791 2094 1052 2173 tantummodo
1075 2097 1274 2175 dicendum
1298 2101 1370 2193 est,
1396 2104 1555 2203 aliquem
1578 2130 1621 2178 cx
1645 2101 1702 2177 his

362 2251 384 2279 ω
407 2210 625 2288 Patriarclris
644 2202 798 2299 curall'e,
817 2229 859 2279 ut
878 2202 977 2277 idem
1000 2201 1116 2300 codex
1132 2209 1330 2311 operiretur
1350 2208 1484 2283 tabulis
1507 2211 1703 2315 argenteis,

358 2355 384 2385 a
409 2344 491 2421 quae
510 2315 595 2391 ideo
613 2317 689 2413 ejus
711 2310 858 2417 insignia
878 2337 949 2414 prae
971 2308 1006 2384 se
1026 2310 1144 2387 ferant
1166 2373 1177 2404 ,
1206 2326 1241 2391 &
1262 2312 1360 2389 urbis
1381 2316 1644 2418 Aquileiensis,
1665 2319 1703 2390 in

363 2462 385 2495 ι
407 2450 482 2526 qua
497 2420 782 2497 dominabantur
792 2418 1021 2494 Patriarchae.
1047 2416 1236 2521 Siquidem
1254 2446 1340 2496 ante
1351 2448 1486 2496 annum
1507 2451 1611 2520 1420.
1627 2448 1702 2524 quo

361 2569 385 2601 a
408 2528 626 2634 Respublica
638 2532 865 2606 Venetorum
882 2525 1000 2628 potita
1017 2525 1065 2599 cll
1084 2526 1245 2601 universa
1256 2527 1490 2625 Foroiulienfi
1503 2532 1702 2630 provincia,

361 2677 384 2710 ω
408 2646 446 2714 δέ
465 2635 538 2739 ipsa
555 2637 642 2711 urbe
655 2633 849 2735 Aquileia,
869 2628 915 2705 ad
934 2658 1057 2705 eorum
1078 2658 1204 2707 manus
1226 2660 1299 2708 non
1318 2631 1466 2711 devenit
1487 2634 1605 2710 codex
1625 2637 1701 2711 san-

363 2787 384 2816 „
408 2743 454 2817 oi
474 2744 611 2821 Marci.
649 2742 738 2815 Hoc
757 2763 889 2841 nempe
915 2765 1011 2813 anno
1031 2740 1141 2813 Duce
1161 2740 1310 2816 Tlroma
1337 2742 1537 2818 Mocenico
1567 2742 1703 2818 Veneti

356 2893 384 2921 s.
408 2875 557 2925 omnem
577 2845 738 2953 lapidem
767 2869 980 2937 moverunt,
1004 2870 1046 2920 ut
1067 2844 1163 2919 idem
1182 2848 1421 2952 Evangelium
1447 2849 1701 2951 acquirerent:

360 3001 385 3032 ,ι
408 2982 597 3060 quumque
614 2946 866 3031 intellexissent
885 2952 1090 3027 translatum
1119 2976 1293 3053 tanquam
1322 2957 1360 3028 in
1377 2959 1553 3033 tutiorem
1578 2958 1685 3031 loeur

363 3066 582 3167 ..Aquileia
614 3065 649 3136 in
674 3062 861 3137 civitatem
887 3058 1065 3158 Forijulii,
1088 3084 1167 3160 quae
1194 3056 1283 3134 inde
1301 3058 1349 3134 est
1379 3058 1426 3135 ad
1446 3095 1505 3140 20.
1527 3059 1703 3167 lapidem,

364 3214 386 3241 η
411 3173 565 3262 (civitas
581 3167 723 3244 Austria
741 3191 830 3243 tunc
847 3162 1067 3262 vocabatur)
1088 3168 1223 3241 litteras
1239 3190 1428 3242 exararunt
1449 3169 1578 3246 eadem
1601 3169 1704 3274 super

364 3318 386 3349 a
409 3303 448 3353 re
471 3275 514 3352 ad
534 3275 629 3352 lianc
648 3275 797 3369 urbem,
814 3271 1267 3381 quarumAutographum
1286 3269 1363 3350 vidi
1382 3275 1421 3351 in
1441 3279 1516 3376 ejus
1539 3277 1703 3376 archivo,

364 3427 386 3456 ι.
410 3384 456 3461 src
474 3410 596 3460 autem
618 3380 761 3458 sonant.
1416 3410 1421 3420 ’
1626 3414 1630 3420 ·

364 3538 386 3567 2.
462 3490 608 3567 Thomas
620 3495 789 3567 Macenico
804 3502 890 3567 Dux
907 3490 1137 3579 Veneriorum,
1151 3487 1222 3576 &a
1248 3486 1491 3599 Spesiabr‘libus
1510 3490 1552 3577 ό·
1567 3496 1705 3601 egregii}

361 3644 387 3672 a,
410 3602 503 3673 viris
521 3594 766 3697 Provisoribuo
783 3592 981 3695 Constlio&
999 3602 1246 3673 communitati
1265 3600 1424 3676 civitatis
1437 3615 1469 3674 A
1475 3600 1593 3699 ustria,
1610 3610 1700 3678 ami·

367 3750 389 3779 υ
411 3711 459 3781 cis
473 3706 623 3792 discolis,
632 3704 773 3804 salutem
790 3702 834 3787 ὠ
851 3702 1045 3779 dilectionis
1059 3702 1222 3807 efficium.

367 3858 390 3887 2
466 3809 594 3886 Fidem
614 3811 769 3914 gerimus
782 3804 1025 3884 inconculsarn
1043 3807 1147 3911 quod
1164 3812 1201 3885 in
1219 3812 1391 3890 omnibus
1406 3841 1487 3917 qua
1504 3810 1703 3922 cognosce-

368 3962 391 3994 »
413 3919 498 3992 reris
517 3914 585 3992 ell‘e
612 3920 647 3989 in
681 3914 824 3992 summo
843 3912 1018 3990 desiderio
1040 3917 1184 4013 nostro,
1206 3922 1346 3997 velletis
1371 3923 1541 3998 omnibus
1563 3922 1702 3998 viribus

366 4071 389 4100 .
413 4026 625 4141 &ingenio
652 4019 857 4121 hujusmodi
884 4019 1008 4097 nostris
1037 4020 1217 4102 desideriis
1244 4026 1564 4123 condescendere,
1591 4053 1704 4132 atque

367 4176 390 4207 2
413 4132 602 4234 largissrme
619 4134 816 4232 complere.
851 4125 1007 4204 Proinde
1027 4154 1115 4206 cum
1135 4159 1295 4229 certam,
1312 4158 1354 4207 ac
1372 4135 1513 4211 firmam
1532 4138 1704 4211 notitiam

365 4281 391 4314 a
413 4240 632 4332 habeamus,
650 4238 747 4340 quod
765 4236 857 4314 lrbcr
870 4240 1149 4340 Evangeliorum
1167 4238 1320 4345 scriptus
1340 4244 1481 4345 propria
1495 4270 1605 4318 manu
1623 4247 1705 4347 glo-

369 4391 392 4423 n
414 4343 495 4420 riosi
515 4344 749 4449 Evangelistae
771 4343 866 4423 beati
884 4343 1019 4440 Marci,
1036 4346 1087 4419 est
1099 4351 1320 4452 &repetitur
1336 4348 1382 4424 ad
1402 4349 1553 4452 praesens
1570 4351 1608 4424 in
1627 4378 1705 4426 ma-

369 4498 392 4528 ·
415 4451 522 4529 nibus
544 4450 758 4527 venerabilis
783 4451 851 4525 viri
875 4453 925 4526 V.
946 4453 1090 4527 Decani
1110 4455 1230 4532 vestra
1254 4458 1399 4555 majoris
1423 4457 1619 4554 Ecclesrae,
1645 4458 1705 4533 vel

369 4605 393 4636 ι
415 4560 559 4634 alterius
575 4558 737 4661 persona
754 4583 981 4665 quacunque
997 4558 1059 4653 sir,
1081 4559 1131 4634 est
1154 4563 1282 4659 justum
1313 4563 1467 4667 &pium
1485 4590 1595 4667 atque
1618 4565 1705 4639 reli-

367 4713 392 4779 ξ
415 4660 580 4780 giolum,
601 4688 642 4741 ot
657 4664 758 4744 idern
776 4667 867 4745 liber
891 4663 989 4768 apud
1007 4661 1189 4752 editorem
1215 4697 1258 4752 ac
1283 4668 1497 4779 scriptorem
1523 4671 1629 4779 ipsius
1645 4696 1704 4770 reg
