4352 5690
411 508 490 589 394
869 467 1061 560 niarium
1086 464 1284 562 Italicam.

411 594 542 676 Didia
562 594 688 675 Ciarae
710 591 794 672 sisiae
805 591 949 702 Juliani
968 660 979 694 ,
999 592 1110 704 Juliae
1139 597 1240 694 Titi,
1256 592 1366 707 Juliae
1391 598 1554 708 Aquilia
1585 603 1732 682 Severae

410 710 538 785 uxoris
558 703 765 817 Elagabasi.
790 703 864 783 Sed
884 732 968 814 quae
988 703 1282 816 praestantissima
1300 712 1498 812 omnium,
1518 710 1572 792 est
1592 713 1732 792 Orien-

409 816 494 896 talis
512 821 664 928 Regina
681 813 872 919 laureata,
886 844 1003 926 quam
1023 811 1185 928 suspicor
1203 814 1276 898 esse
1294 819 1524 903 Zenobiam.

463 926 670 1007 Ecclesiam
685 930 718 1006 S.
730 930 865 1006 Mariae
881 956 991 1008 novae
1002 931 1028 1008 F
1033 932 1070 1009 F.
1082 929 1385 1011 Praedicatorum
1400 933 1585 1036 adiimus‚
1599 931 1664 1013 ubi
1674 932 1728 1014 se-

408 1036 585 1148 pulerum
609 1034 765 1150 Josephi
784 1040 1011 1228 patriarche
1033 1036 1463 1151 Constantinopolitani.
1494 1050 1626 1125 Iseum
1645 1043 1730 1125 Flo.

409 1155 574 1229 rentiam
594 1151 644 1230 ad
662 1153 787 1231 Conci
804 1154 883 1230 ium
899 1144 964 1231 sub
985 1154 1155 1233 moenio
1173 1155 1241 1232 IV.
1259 1149 1438 1254 venisset,
1458 1154 1604 1235 ibidem
1625 1155 1728 1237 diem

407 1259 505 1342 obiit
524 1291 629 1342 anno
652 1265 871 1374 1439.Junii
888 1292 941 1343 xi.
961 1219 1129 1373 ejusisem
1148 1261 1392 1374 Epitaphium
1413 1265 1463 1346 sic
1482 1264 1613 1347 habet.

561 1484 660 1565 Errle
672 1516 716 1562 rae
729 1489 869 1589 antistes
879 1484 1023 1587 fueram
1040 1496 1103 1592 qui
1122 1513 1267 1593 magnus
1283 1499 1366 1565 Eue

608 1607 661 1676 H
663 1608 695 1673 ic
706 1601 808 1697 jaceo
827 1626 888 1674 ma
911 1625 972 1676 nus
993 1600 1164 1706 relligione
1179 1591 1314 1705 Josepl).

558 1718 612 1790 H
613 1736 648 1783 oc
665 1736 769 1783 unum
789 1627 954 1810 optassem
970 1719 1056 1785 miro
1071 1705 1314 1810 iufhtmmutur
1332 1737 1446 1785 nonore

595 1829 704 1899 'Unus
721 1840 761 1894 ut
778 1833 922 1921 Europe
941 1818 1077 1919 cultro,
1097 1841 1136 1894 at
1154 1815 1334 1918 anrzfides.

560 1930 717 2012 Italiam
727 1941 817 2032 petii
828 1990 840 2021 ,
849 1928 963 2028 fedus
974 1927 1190 2035 perrrfflmus
1203 1957 1308 2005 unum

599 2042 796 2146 Jerussoque
814 2050 986 2118 Romana
999 2044 1064 2144 est,
1088 2070 1141 2115 me
1153 2038 1255 2139 duce,
1275 2037 1497 2141 Graiafirser.

556 2162 604 2233 N
606 2181 641 2228 ec
658 2181 775 2249 aarum,
795 2148 935 2227 daubus
955 2188 965 2228 .·
984 2179 1070 2228 nunc
1087 2180 1140 2226 me
1158 2147 1340 2232 Florentia
1355 2149 1481 2261 servat
1489 2210 1504 2245 ,

629 2291 676 2336 rar
694 2286 772 2339 tunc
787 2260 1094 2364 concrsr‘umssomit
1112 2258 1347 2369 urbeſsremm.

567 2374 675 2455 Felrx
694 2383 756 2478 qui
775 2394 873 2446 tanto
895 2372 1039 2451 donarer
1054 2399 1187 2448 annuere
1205 2381 1352 2464 vivens,

606 2494 677 2592 Qr'
695 2511 837 2558 morerer
848 2494 925 2558 voti
940 2504 1069 2586 compos
1080 2480 1126 2573 ό
1137 2476 1206 2589 ipſs’
1224 2492 1301 2558 mei.

464 2700 587 2779 Haud
606 2696 720 2780 semel
750 2700 1029 2780 bibliothecam
1055 2704 1087 2780 S.
1107 2705 1233 2779 Marri
1260 2703 1614 2784 Dominicanorum
1643 2706 1723 2785 vist-

410 2841 492 2890 mus
518 2877 529 2911 ‚
555 2841 638 2920 que
668 2805 875 2891 secundum
908 2814 1206 2891 Laurentianam
1235 2811 1415 2889 codicum
1445 2813 1660 2922 prestantia
1688 2826 1726 2896 be

409 2921 946 3031 eopiaFlorentinisonmibus
964 2919 1166 3031 precellit,
1188 2920 1379 3023 Ebrai'tis,
1396 2924 1560 3026 Grecis,
1580 2930 1726 3007 Latinis

409 3031 605 3111 codicibus
617 3032 795 3113 instrusta
804 3032 938 3144 probe.
959 3031 1162 3112 Sinoularis
1178 3060 1269 3144 erga
1279 3062 1348 3111 nos
1359 3032 1430 3113 fuit
1442 3062 1577 3115 eorum
1589 3037 1724 3119 huma-

406 3148 529 3245 nitas,
550 3168 592 3221 ut
604 3142 770 3255 catalogi
783 3104 1274 3224 conficiendisubentissime
1286 3141 1512 3225 facultatem
1532 3150 1724 3229 coneede-

407 3280 505 3334 rent.
540 3256 767 3334 Graecorum
786 3259 901 3367 igitur
917 3282 1020 3366 egO,
1044 3256 1270 3334 Latinorum
1288 3252 1488 3335 Anselmus
1514 3260 1727 3338 Randurius

407 3394 513 3447 meos
524 3365 752 3445 laterculum
767 3370 959 3459 exaravit,
979 3370 1017 3442 in
1028 3361 1200 3473 sequenti
1211 3387 1321 3444 tomo
1333 3367 1529 3447 edendum
1548 3405 1556 3447 ε
1574 3393 1726 3450 tantam

408 3483 510 3556 enim
530 3474 800 3588 supessesbisem
812 3480 937 3557 Diarii
955 3472 1109 3583 hujusce
1130 3475 1294 3555 brevitas
1313 3504 1449 3588 capere
1469 3507 1549 3556 non
1569 3480 1682 3561 vaiet.

463 3587 666 3669 florentia
687 3589 782 3667 duos
801 3617 900 3700 pene
917 3582 1062 3667 menses
1083 3582 1268 3690 versurus,
1287 3585 1384 3668 bene
1400 3588 1522 3667 multa
1537 3618 1607 3670 nec
1625 3589 1725 3673 saer.

410 3699 538 3779 nenda
557 3706 659 3801 erui3
681 3728 800 3811 opera
817 3697 898 3778 usus
913 3708 951 3778 be
968 3696 1125 3777 consilio
1149 3697 1194 3776 cl.
1218 3730 1250 3777 v.
1271 3702 1324 3777 D.
1349 3694 1519 3779 Anselmi
1542 3623 1723 3782 Baiisurii

412 3810 877 3913 morisennensium,
904 3819 942 3890 &
973 3811 1135 3888 Antonii
1156 3807 1331 3909 Salvinii,
1362 3813 1427 3919 qui
1455 3809 1550 3890 mibi
1577 3813 1724 3925 semper

411 3949 484 4000 nec
503 3926 627 4033 rogati
648 3921 854 4003 adfuerunt
877 3968 886 4024 3
914 3920 1037 3999 musta
1056 3948 1171 4000 manu
1191 3924 1346 4031 propria
1369 3916 1663 4032 exscripserunt,
1685 3931 1723 4005 in

411 4028 650 4141 sequentibus
668 4033 908 4144 publicanda.
955 4036 1065 4111 Prior
1081 4034 1161 4139 jam
1180 4060 1333 4111 mecum
1359 4032 1503 4110 Parisiis
1524 4038 1724 4147 agiteope-

415 4170 573 4252 ramque
585 4169 700 4223 navat
714 4145 955 4225 strenuissime
968 4144 1103 4253 linguis
1121 4144 1287 4245 Gratear,
1302 4141 1492 4243 Ebraiea’,
1515 4141 1723 4256 litterisque

413 4253 589 4332 humanis
615 4280 731 4365 atque
759 4256 924 4357 diuinis,
958 4281 1000 4333 ut
1028 4252 1107 4365 spes
1136 4254 1180 4332 fit
1207 4254 1313 4333 brevi
1340 4251 1424 4333 sore
1450 4257 1721 4364 peritissimum.

414 4369 506 4444 Huc
533 4369 571 4443 in
589 4393 676 4445 eam
697 4394 777 4446 rem
799 4363 1023 4444 transmissus
1045 4394 1068 4443 a
1089 4370 1238 4465 Magno
1257 4368 1453 4445 Hetruriae
1474 4365 1572 4446 duce
1593 4404 1601 4446 :
1621 4372 1725 4478 eujus

412 4482 451 4554 in
479 4475 668 4557 litteratos
694 4476 863 4579 maximb
882 4475 1134 4557 beneficentia
1153 4456 1396 4584 studiumque
1415 4474 1543 4555 elucet
1560 4482 1599 4556 in
1618 4479 1725 4560 dies:

414 4585 595 4666 Salvinius
622 4617 714 4668 vero
737 4587 939 4669 Florentiae
968 4611 1261 4687 ornamentum,
1289 4585 1480 4665 litteraria
1507 4593 1559 4667 rei
1588 4596 1726 4699 petitia

413 4727 499 4775 cum
521 4704 648 4808 primis
669 4699 812 4799 clarus,
842 4702 999 4778 Graecas
1015 4694 1134 4776 musas
1154 4696 1322 4775 maximb
1349 4696 1454 4775 colit.
1486 4702 1520 4778 Is
1543 4729 1722 4813 magnam

413 4811 642 4889 Graecorum
656 4828 860 4923 po'c'tarum
877 4834 1052 4922 partem,
1074 4813 1116 4888 in
1134 4808 1278 4888 idioma
1293 4807 1470 4889 Italicum
1488 4808 1723 4892 hodiernum
