4414 5692
427 335 508 417 280
892 320 1082 416 niarium
1104 320 1303 414 Italicum.

428 451 820 547 anteve1·terant,rel
844 456 880 527 in
903 451 1094 530 nntiffnnis
1113 448 1225 529 rebus
1245 450 1308 560 lap
1325 443 1366 528 'as
1380 464 1463 532 ene.
1488 449 1762 543 SubhaecDm

429 588 541 641 natus
557 559 712 669 elegans
729 590 822 671 opus
839 560 962 640 edidit
981 628 992 660 ,
1017 573 1134 640 Roma
1151 587 1254 640 vetus
1275 588 1322 655 (φ
1339 593 1475 662 recens,
1501 559 1609 643 inferi
1658 601 1722 651 um
1742 641 1756 675 ‚

432 672 496 751 ubi
515 700 593 751 non
613 694 735 780 pauca
752 698 852 753 nova
870 698 892 749 a
911 666 1127 783 firpraditfis
1151 669 1395 785 scriptoribus
1411 682 1616 785 praetermii
1632 707 1655 757 a
1673 682 1759 763 des·

428 784 568 895 tripfit:
582 786 808 892 praecipuam
841 810 887 861 uc
899 811 1060 893 operam
1072 789 1282 884 navavit,nt
1292 782 1318 862 fi
1329 789 1454 893 quain
1468 794 1591 897 poetis
1601 789 1757 903 aliisque

430 894 620 974 veteribus
641 891 734 967 Urbi
759 810 1018 974 deferibenrie
1036 921 1255 1007 opportuna
1276 890 1424 997 essent,
1447 924 1493 977 ea
1521 901 1559 979 in
1582 902 1755 987 medium

432 1004 599 1091 adferret
622 1001 777 1111 3figuris
797 998 947 1097 insuper
966 1036 1060 1119 opus
1081 1030 1209 1085 totum
1226 1004 1437 1086 illustravit.
1466 1010 1520 1087 At
1540 1015 1569 1088 is
1585 1011 1755 1121 plerum.

431 1144 504 1225 que
525 1118 749 1220 coniecturis
771 1105 955 1195 levissimis
974 1146 1039 1197 ant
1057 1144 1189 1229 aperte
1213 1113 1303 1196 falfa
1321 1142 1386 1195 aut
1405 1122 1647 1201 incertiffima
1663 1122 1755 1207 affe.

430 1254 511 1306 rere
532 1230 666 1305 nititur
685 1266 691 1305 ;
713 1221 789 1302 insu
821 1254 938 1336 etque
963 1232 1093 1337 jejuna
1114 1232 1226 1307 nimis
1247 1237 1287 1308 δε
1305 1256 1376 1340 pro
1398 1254 1506 1307 tanta
1524 1230 1629 1313 Urbe
1645 1264 1754 1316 man.

426 1364 531 1420 caut
555 1338 766 1451 plurimum
787 1256 991 1451 tiei'cnptio
1010 1339 1097 1439 est,
1132 1365 1174 1418 ut
1193 1337 1305 1452 plura
1336 1343 1605 1452 praetermittat
1635 1373 1752 1455 quam

423 1446 561 1529 scribit.
1636 1549 1644 1562 ο

478 1563 654 1641 Demum
674 1559 900 1643 Alexandro
921 1566 1010 1644 VII.
1033 1562 1214 1673 pontifice
1228 1561 1372 1673 prodiit
1391 1566 1562 1643 Famiani
1580 1566 1751 1653 Nardini

422 1669 542 1775 iiber,
564 1679 624 1752 cni
644 1671 776 1752 titulus
793 1686 911 1753 Rern:
926 1686 1066 1771 anaim,
1088 1678 1153 1781 qui
1201 1678 1341 1753 timum
1364 1675 1573 1759 vernaculo
1591 1677 1750 1758 idioma

423 1808 462 1865 te
485 1781 718 1893 conferiptus
737 1851 749 1882 ‚
766 1812 890 1895 nuper
914 1786 1050 1864 Latine
1069 1702 1272 1865 tranifatus
1291 1784 1373 1885 est,
1399 1784 1599 1865 laudatum
1619 1818 1712 1899 opus
1727 1818 1752 1870 a

423 1894 586 1974 laudatis
605 1900 701 1973 viris.
722 1898 755 1975 Is
773 1893 920 1983 Rufum
940 1921 1056 2004 atque
1072 1900 1270 1976 Vitforem
1291 1901 1471 2004 antiquos
1489 1896 1602 1977 Urbis
1618 1902 1751 1979 ichno-

421 2006 588 2118 graphos
603 2005 824 2117 explanavit
844 2074 855 2109 ‚
877 2010 919 2086 iis
943 2006 1183 2115 additisque
1210 2012 1250 2085 in
1269 2005 1346 2086 bafr
1368 2008 1590 2118 Capitolina
1609 2009 1749 2093 ubire.

421 2117 548 2198 censio
570 2116 748 2201 locorum
766 2185 779 2219 ,
796 2127 838 2199 .&
856 2148 939 2227 qua
957 2116 1060 2228 apud
1083 2117 1333 2228 Onuphrium
1357 2120 1583 2199 Panvinium
1596 2149 1641 2200 ex
1654 2123 1751 2201 mni.

420 2233 466 2308 tis
488 2227 703 2313 aucior'rbus
720 2228 886 2309 collecta
905 2255 1133 2339 comparent
1148 2274 1157 2330 5
1174 2229 1329 2335 adjestis
1345 2234 1466 2309 etiam
1484 2231 1564 2309 aliis
1577 2261 1660 2341 quae
1672 2230 1748 2344 ipsc

420 2338 617 2451 frequenti
633 2366 806 2423 veterum
831 2339 993 2423 lectione
1018 2335 1149 2429 orniss'a
1172 2338 1220 2419 ab
1238 2338 1317 2418 aliis
1331 2338 1745 2450 deprehenderanno.

420 2479 469 2530 ra
485 2451 588 2535 bene
603 2451 726 2531 multa
742 2458 920 2562 aperuit,
943 2478 1014 2542 nec
1036 2448 1242 2541 infeliciter
1270 2455 1308 2528 in
1330 2448 1555 2559 quibusdam
1578 2452 1687 2536 fitum
1706 2464 1748 2541 ὃς

418 2561 588 2643 formam
599 2589 772 2644 veterum
785 2561 896 2643 Urbis
907 2560 1435 2672 edificiorumdeprehendit.
1456 2564 1745 2648 Donatumfre-

418 2702 583 2784 quenter
600 2680 793 2785 coarguit,
811 2672 876 2761 etii
897 2670 965 2751 fuis
981 2669 1054 2783 ipfe
1069 2676 1180 2761 nevis
1191 2702 1269 2751 non
1283 2698 1411 2757 careat
1424 2711 1431 2750 ε
1444 2674 1742 2788 ηοςΙοεῊςφιίρ.

415 2813 464 2895 pe
483 2785 657 2897 illisque
676 2787 728 2866 ad
747 2814 905 2865 manum
926 2809 1036 2865 erant
1055 2821 1062 2862 :
1082 2783 1281 2863 certiffama
1304 2812 1487 2893 quaque,
1502 2799 1542 2866 ὅ(
1557 2785 1651 2866 nulii
1663 2815 1744 2870 non

416 2923 511 2979 nota
543 2896 768 3008 frequenter
795 2892 869 3007 ipfe
903 2925 983 2974 non
1004 2899 1043 2973 in
1074 2893 1375 2976 controversiam
1405 2896 1526 2976 modo
1556 2902 1743 3001 vocavit3

416 3004 621 3089 sedetiam
654 3033 828 3096 everrere
856 3036 926 3117 pro
956 3006 1096 3088 viribus
1128 3030 1287 3084 conatus
1313 3004 1402 3105 est,
1432 3031 1474 3084 ur
1493 3006 1549 3089 est
1575 3007 1671 3086 iilud
1692 3009 1742 3095 de

414 3118 551 3231 platea
570 3125 748 3201 Naronae
768 3144 928 3229 etymo,
947 3144 1062 3226 qnam
1084 3142 1230 3228 pugnat
1248 3111 1322 3227 ipsc
1345 3143 1368 3193 a
1388 3122 1492 3194 navis
1513 3115 1639 3197 forma
1662 3150 1742 3205 non

415 3230 462 3310 ab
485 3235 624 3344 Agone
641 3230 825 3316 deriuari:
844 3233 909 3339 qui
930 3227 955 3306 fi
972 3226 1033 3309 vei
1055 3234 1238 3339 proxima*
1259 3233 1378 3305 etatis
1396 3223 1596 3338 scriptores
1615 3230 1745 3313 confir,

416 3339 554 3429 luiffet.
572 3338 814 3425 comneriffer
835 3346 968 3448 utique
987 3337 1298 3447 decimo-quinto
1318 3346 1356 3417 ἃ
1376 3335 1655 3420 decurro-festo
1679 3341 1742 3422 fe.

417 3454 502 3538 <uio
535 3444 863 3537 mincium-nasim
895 3455 1066 3561 Nagone
1098 3459 1137 3529 ἃ
1155 3454 1326 3547 Narona
1345 3476 1524 3529 vocatam
1545 3450 1649 3538 fuisse
1669 3520 1680 3554 ,
1704 3464 1743 3536 ὃ(

415 3564 512 3648 iilud
531 3570 572 3646 N
576 3593 701 3676 agone
719 3562 822 3674 quast
837 3566 1014 3673 inagone
1029 3560 1192 3645 dietum:
1209 3560 1284 3640 alia
1300 3588 1379 3655 non
1390 3560 1741 3672 paucahn'ufinodi

417 3704 543 3759 errata
561 3706 640 3757 non
655 3673 919 3783 infrequenter
938 3696 1159 3752 occurrunt.
1180 3666 1520 3780 Videturquefane
1534 3594 1742 3786 niirilpensr

419 3786 562 3869 habere
580 3855 591 3889 ,
608 3787 702 3867 dum
725 3785 902 3870 dubia&
927 3782 1172 3863 difficultates
1188 3807 1375 3893 perpetuo
1396 3784 1541 3891 injiciat
1562 3852 1573 3886 ,
1603 3785 1667 3864 ubi
1691 3814 1741 3866 ne

420 3896 480 3977 vel
500 3897 636 3979 umbra
655 3896 888 3977 difficultatis
907 3893 1022 3976 fuerit
1043 3894 1129 3995 3vei
1149 3893 1176 3971 ss
1195 3918 1328 3974 revera
1345 3891 1443 3973 adfrt
1461 3962 1470 3991 ,
1491 3894 1574 3973 taiis
1594 3895 1638 3973 fit
1656 3925 1740 4005 qua:

421 4039 499 4088 non
519 4011 625 4121 poffit
636 4009 786 4091 meliori
803 4010 1021 4116 conjectura
1038 4005 1210 4092 enodari.
1228 3999 1422 4115 Qatiane
1434 4005 1594 4088 dicimus
1607 4033 1740 4099 nonut

421 4107 548 4205 dicam
575 4124 828 4230 impingamus
849 4123 931 4212 viro
959 4117 1010 4215 de
1037 4145 1078 4198 re
1102 4114 1289 4196 litteraria
1307 4113 1406 4193 bene
1424 4123 1563 4195 merito
1584 4181 1594 4214 ,
1614 4111 1678 4196 fed
1695 4144 1740 4197 ut

421 4261 558 4341 gnarus
594 4231 715 4311 lector
750 4257 826 4342 qua
858 4227 1008 4325 cautela
1032 4257 1128 4339 opus
1154 4225 1198 4305 frt
1223 4293 1234 4328 ‚
1259 4222 1408 4311 nonnisi
1439 4222 1623 4336 praemisso
1647 4257 1735 4308 exa.

422 4348 524 4422 mine
542 4350 579 4422 &
598 4339 818 4425 ponderatis
830 4344 1022 4418 rationum
1034 4342 1252 4435 momentis,
1267 4365 1353 4413 cum
1366 4363 1413 4413 eo
1427 4335 1614 4416 calculum
1628 4337 1737 4422 fcrat.

479 4432 844 4563 Opusitaqueatam
857 4445 1327 4635 multisteutatumdppfpe
1347 4450 1739 4557 peritiorem&accu.

424 4553 603 4645 rariorem
630 4592 785 4648 manum
811 4559 1029 4640 desiderare
1046 4584 1231 4638 mecume
1264 4561 1269 4570 '
1304 4560 1427 4636 imant
1438 4563 1638 4667 peritinon
1677 4588 1739 4639 an.

424 4679 457 4754 ci
475 4675 601 4787 3quod
622 4701 665 4761 ut
683 4671 853 4767 feliciore
870 4674 975 4767 exitu
984 4669 1195 4787 procedat,
1207 4666 1384 4787 quaedam
1394 4589 1737 4782 obseruandafimt,

1696 4812 1739 4865 ur
