4422 5692
455 513 534 591 208
900 499 1086 590 Diarium
1112 497 1307 590 Italicum.

455 645 501 698 tae
516 620 706 731 elegantes
724 617 814 700 seint.
851 625 894 701 ln
915 625 1041 705 medio
1061 651 1212 733 quoque
1231 623 1430 701 hortorum
1447 624 1544 705 ades
1563 626 1642 703 alie
1660 654 1742 735 pcr-

455 726 589 838 ample
608 728 756 840 paribus·
777 738 1006 810 ornamentis
1025 734 1242 830 decorate,
1268 730 1317 809 ibi
1340 731 1472 810 itidem
1491 731 1742 841 inscriptiones

457 843 748 946 circumquaque
765 836 884 917 obvia
903 875 909 916 :
929 870 1007 920 non
1023 868 1158 950 paucas
1174 838 1340 947 exscripsi
1357 905 1368 937 ,
1388 868 1468 946 que
1489 843 1546 918 vel
1563 843 1711 919 inedita
1733 907 1742 937 ,

457 944 514 1023 vel
537 943 626 1023 cusat
647 947 799 1054 quidem
818 1014 828 1045 ,
845 942 908 1027 sed
928 954 1064 1027 vitiatae
1083 943 1174 1026 sunt,
1190 947 1248 1029 Est
1258 947 1398 1025 ibidem
1409 954 1446 1024 in
1458 976 1646 1027 marmore
1661 1015 1670 1046 ‚
1683 948 1744 1025 de-

458 1059 546 1132 trita
564 1121 574 1153 ,
593 1063 631 1133 &
650 1082 787 1163 magna
807 1082 853 1135 ex
872 1080 978 1174 parte
994 1053 1094 1137 erasa
1111 1051 1299 1164 inscriptio
1319 1120 1330 1150 ,
1349 1060 1478 1162 inqua
1499 1057 1547 1134 de
1573 1080 1743 1134 moneta-

457 1191 540 1240 rum
575 1161 729 1241 officinis
754 1229 765 1262 ,
791 1170 1003 1272 praeledis,
1036 1160 1277 1270 ministrisque
1309 1164 1485 1271 praeclara
1513 1165 1743 1273 legebantur.

457 1273 576 1349 Horti
595 1278 633 1349 &
652 1274 760 1349 vinea
777 1272 950 1377 adjuncta
969 1278 1103 1349 mirum
1120 1298 1232 1386 quam
1254 1271 1330 1349 late
1346 1294 1499 1378 pateant
1521 1318 1530 1372 3
1551 1299 1592 1349 ut
1611 1271 1743 1349 millia-

456 1382 553 1458 rium
570 1404 667 1489 pene
687 1384 799 1456 trium
820 1380 963 1457 ambitu
983 1379 1340 1457 cireumlcribantur.
1362 1382 1521 1487 Propter
1539 1383 1743 1458 vincamu-

456 1514 519 1564 ros
538 1551 547 1585 ,
569 1484 643 1594 qui
660 1486 837 1565 Thermis
856 1492 1051 1567 viciniores
1061 1482 1225 1584 horest
1239 1486 1396 1565 castrum
1408 1486 1745 1595 aquaejuliae,olim

457 1594 692 1673 thermarum
717 1594 1075 1674 Diocletianaearum
1101 1594 1379 1704 receptaculum
1406 1622 1612 1701 aquarum:
1643 1596 1744 1698 cujus

458 1699 658 1812 perampla:
673 1701 1178 1812 reliquia,ingentiarudera
1188 1701 1369 1812 superant.
1388 1702 1740 1808 Evici110,col·liscy-

457 1806 673 1920 parilsorum
691 1809 833 1887 circulo
851 1816 988 1890 cinctus
1006 1877 1017 1908 ,
1035 1809 1373 1889 Romamcololsali
1384 1837 1479 1917 pene
1491 1809 1612 1886 forma
1624 1809 1749 1888 leden-

457 1941 538 1996 tem
549 1915 703 1996 exhibet
714 1982 723 2016 ,
736 1918 1070 2024 quamaiFlaminio
1081 1914 1187 2026 supra
1205 1940 1455 1995 memoratam
1472 1916 1744 2024 aestimop.1‹)2.

461 2024 555 2104 lude
582 2050 736 2135 aggeres
763 2029 959 2133 Tarquinii
977 2022 1143 2123 visendi,
1163 2027 1253 2132 qui,
1281 2051 1349 2102 ceu
1370 2028 1591 2101 continuato
1619 2023 1716 2102 colle
1736 2091 1747 2108 ,

460 2138 609 2213 vineam
626 2135 816 2239 trajiciunt
835 2199 846 2232 ,
872 2142 910 2212 ὃ(
933 2160 1029 2242 pene
1048 2128 1161 2240 usque
1180 2131 1229 2209 ad
1249 2134 1281 2210 S.
1302 2133 1512 2209 Antonium
1531 2132 1747 2211 deveniunt.

461 2244 537 2321 His
556 2232 734 2346 subjedus
751 2307 761 2338 ,
779 2267 825 2319 ex
847 2239 949 2322 Ruso
973 2249 1012 2319 ὃ(
1030 2243 1204 2338 Victore,
1220 2266 1372 2348 campus
1388 2238 1583 2318 Viminalis
1602 2238 1666 2317 sub
1684 2267 1748 2348 ag-

462 2374 580 2459 gere,
626 2352 661 2424 ui
678 2371 824 2457 partem
841 2347 1033 2426 hodierne
1052 2350 1253 2427 Perretinae
1278 2346 1373 2425 villa
1394 2344 1615 2454 occupabat.
1652 2352 1748 2426 Hac

463 2481 586 2566 pauca
598 2377 652 2534 de
669 2454 855 2534 nobilibus
873 2454 990 2533 hortis
1010 2453 1306 2561 damus‚quibus
1320 2450 1748 2533 sanedescribendisnon

464 2560 621 2642 modico
640 2562 830 2641 volumine
849 2591 950 2673 opus,

518 2672 710 2781 Eregione
725 2667 1165 2766 Perretinae,vicosoli1m
1181 2669 1427 2769 intermedio,
1439 2670 1753 2749 Strozzianavilla

468 2777 622 2878 visitur,
640 2778 840 2888 angustiori
859 2779 976 2856 limite
994 2774 1271 2887 circumscripta
1289 2844 1299 2876 ,
1318 2775 1379 2857 sed
1401 2777 1503 2856 culta
1521 2824 1529 2877 3
1555 2779 1754 2856 ubimulta

468 2887 638 2995 quotidie
648 2909 837 2965 eruuntur.
856 2885 1002 2966 ibidem
1018 2892 1231 2994 nuperrime
1241 2881 1606 2995 Meleagereffoffus,
1621 2886 1754 2962 huma-

470 2993 518 3071 nh
534 3021 658 3072 mmor
675 2991 814 3072 statura
832 3058 843 3092 ,
863 2994 1020 3103 dempto
1042 3022 1087 3071 ca
1114 2998 1190 3093 ite,
1209 2990 1304 3071 fabri
1322 2999 1493 3103 peritiam
1509 2994 1647 3101 prodit.
1675 2992 1755 3070 Ad·

469 3103 589 3209 jundli
600 3096 806 3210 sagittisque
823 3101 959 3179 confixi
981 3107 1060 3211 apri
1072 3022 1194 3179 simia
1204 3097 1503 3209 suspiciturzerat
1513 3105 1575 3208 qui
1591 3126 1661 3203 aere
1679 3128 1756 3177 non

471 3236 586 3316 parvo
609 3236 739 3317 aprum
751 3208 866 3285 solum
878 3215 1082 3317 expetierit.
1101 3217 1228 3289 Venus
1238 3209 1377 3286 ibidem
1390 3210 1501 3285 doeio
1513 3208 1654 3285 artifice
1665 3210 1756 3285 edu-

472 3321 531 3395 eta
550 3314 640 3415 suit,
659 3315 805 3424 aliaque
822 3318 941 3395 multa
957 3317 1177 3395 excavando
1196 3317 1352 3394 deteela.
1378 3314 1757 3412 lnimofovea,inci.

475 3422 616 3501 derunt
641 3429 681 3500 in
706 3428 803 3501 viam
830 3428 1022 3531 antiquam
1042 3451 1149 3502 more
1174 3422 1363 3502 Flaminia
1382 3431 1419 3502 ὅ(
1444 3424 1505 3530 Ap
1532 3426 1573 3498 iae
1592 3420 1756 3499 stratam.

476 3533 580 3609 Nam
593 3535 631 3609 in
641 3526 943 3639 plerisqueUrbis
958 3527 1250 3639 partibussolum
1261 3530 1371 3628 ,olim
1389 3449 1760 3627 demlsms‚ruin1's&

477 3636 602 3717 illuvie
629 3640 667 3714 in
692 3661 836 3716 tantam
862 3637 1099 3718 altitudinem
1125 3642 1288 3718 ereetum
1316 3634 1369 3716 est
1388 3703 1399 3736 ,
1415 3660 1458 3714 ut
1474 3663 1763 3742 nonnumquam

480 3744 585 3823 dorni
595 3744 811 3854 templaque
822 3752 966 3855 integra
977 3739 1119 3824 suffossa
1131 3746 1357 3930 detegantur
1369 3790 1378 3846 3
1390 3768 1486 3824 utex
1495 3744 1666 3823 Flaminii
1677 3770 1763 3821 nar.

480 3857 625 3933 ratione
639 3861 677 3931 ὅ(
698 3852 888 3933 hodiernis
906 3860 1169 3961 experimentis
1187 3853 1212 3931 fi
1242 3881 1289 3932 es.

533 3960 628 4039 Inde
645 3966 769 4038 vicum
788 3965 841 4039 Pii
866 3961 1074 4069 repetendo
1103 4028 1114 4061 ,
1143 3989 1211 4070 per
1237 3985 1388 4069 portam
1414 3960 1577 4067 ejusdem
1602 3962 1760 4037 nominis

481 4093 563 4173 quae
581 4071 827 4147 Nomentana
842 4075 932 4147 item
952 4074 1138 4146 vocitatur
1157 4136 1168 4168 ,
1184 4074 1222 4146 in
1243 4074 1275 4148 S.
1296 4073 1591 4180 Agnetem,un0
1602 4066 1649 4143 ab
1659 4065 1765 4143 Urbe

481 4172 659 4252 milliario
675 4175 778 4252 sitam
797 4242 807 4276 ,
827 4176 1057 4255 conceditur.
1078 4174 1239 4257 Ecclesra
1254 4177 1436 4257 vetustate
1447 4172 1685 4271 venerahilis,
1702 4204 1764 4249 co-

483 4280 618 4358 lumnis
635 4279 816 4382 fulcitur,
843 4290 882 4361 in
900 4290 1002 4391 queis
1022 4285 1103 4363 duae
1121 4312 1168 4363 ex
1187 4284 1398 4363 alabastrite
1423 4321 1430 4362 ι
1457 4283 1611 4361 stratum
1636 4308 1681 4359 eu
1708 4286 1762 4356 in-

482 4383 721 4497 scriptionum
749 4387 868 4467 frustis
892 4420 1028 4499 magna
1057 4416 1162 4498 parte
1182 4392 1403 4471 confectum.
1434 4394 1605 4483 careri,
1627 4394 1763 4465 nentia

482 4523 560 4572 non
573 4496 750 4595 nota‚vel
762 4526 827 4576 ore
846 4498 945 4605 vulgi
966 4498 1145 4577 seruntur.
1172 4500 1255 4576 Istic
1275 4500 1441 4578 Liberius
1459 4564 1470 4596 ,
1485 4528 1571 4574 cum
1589 4496 1635 4573 ah
1653 4498 1765 4575 exilio

482 4610 729 4713 remigraret,
747 4629 939 4712 receptum
960 4602 1121 4682 habuisse
1140 4604 1259 4683 fertur
1275 4642 1285 4683 ε
1300 4608 1459 4702 ibidem,
1472 4607 1595 4682 multis
1613 4606 1693 4703 poll
1706 4601 1764 4678 sr-

483 4709 572 4787 culis
591 4776 600 4810 ‚
621 4712 839 4791 Rothardus
852 4710 1685 4823 Suellionensrsepiscopussupplicemlibellum
1699 4712 1769 4821 arl-

1650 4832 1768 4895 verlus
