4264 5684
925 408 1054 537 Caput
1083 404 1265 538 quintum.
1682 430 1731 511 75

451 570 998 642 ;;::.,;.;;;,‚2naorrnuoz,
1025 564 1187 614 zoarrnoz
1215 549 1714 614 znrurror.:.::'..;;....

452 723 773 750 ,,,,,,,,,,,,,
785 677 859 729 mot
876 674 1007 726 tormoz
1026 673 1188 725 Autroxoz
1210 666 1411 722 uormrroz,
1428 703 1438 721 ‚
1457 703 1465 720 ,
1486 700 1518 716 .,
1537 695 1645 718 .,,,,
1664 694 1698 714 ,.

466 830 808 857 ,,,,,,,,,,,,,,
819 778 1696 837 ozantnarnuoz,n1arr<ozarr

469 938 831 968 ,,,,,,,,,,,,,,
849 894 1164 947 omnitenentem,
1194 891 1538 943 urnnr‚‚„.,.‚,

488 1093 587 1197 Qa:
606 1086 806 1195 supersunt,
819 1111 862 1163 ut
880 1081 977 1161 dosii
994 1075 1234 1169 aestimabunt,
1251 1073 1333 1149 sunt
1349 1066 1395 1144 ad
1411 1092 1487 1144 tam
1504 1062 1639 1140 nobilis
1652 1088 1735 1137 mo-

433 1203 602 1277 numenti
623 1197 886 1301 deplorandam
905 1188 1094 1268 fortunam
1114 1183 1210 1261 satis.
1246 1179 1306 1260 [st
1324 1177 1462 1254 scilicet
1480 1172 1672 1249 decretum
1690 1165 1737 1245 ad

433 1333 671 1384 communem
687 1308 901 1381 Grtecorum
922 1296 1074 1392 ludum,
1092 1294 1160 1369 srve
1178 1315 1365 1397 pugnam,
1385 1283 1534 1384 ejusque
1547 1281 1657 1354 ritum
1675 1304 1737 1352 or-

434 1412 658 1492 dinandum:
678 1412 817 1487 ibidem
835 1436 914 1511 quae
936 1409 972 1482 in
992 1400 1143 1507 prandio
1161 1399 1335 1475 celebrari
1356 1392 1428 1468 hoc
1443 1413 1607 1492 tempore
1627 1387 1735 1461 solito

431 1521 594 1625 agenda,
609 1520 752 1598 indissis
773 1521 807 1593 in
821 1511 1088 1621 transgressores
1101 1509 1231 1612 pernis,
1245 1504 1463 1582 sanciuntur.
1486 1499 1555 1573 Pro
1569 1491 1735 1596 quodam

433 1627 566 1705 desisto
578 1692 588 1725 ‚
610 1634 709 1730 cujus
727 1624 865 1700 excidit
884 1622 1042 1695 narratio
1060 1620 1098 1693 in
1117 1613 1261 1719 lapide,
1279 1610 1423 1710 ejicitur
1442 1605 1520 1709 quis
1540 1596 1560 1676 ὲ
1586 1601 1735 1696 Senatu¹

433 1735 596 1840 aliusque
616 1740 651 1812 in
668 1740 741 1834 ejus
763 1730 990 1807 substituitur
1012 1729 1147 1801 locum.
1188 1723 1294 1797 Hinc
1313 1715 1358 1792 de
1376 1708 1599 1817 quibusdam
1619 1711 1736 1781 iconi·

433 1840 501 1916 bus
522 1848 702 1949 argenteis
723 1831 959 1916 conficiendis
977 1834 1117 1939 agitur,
1140 1856 1219 1932 quae
1246 1823 1417 1928 quorsum
1442 1818 1599 1922 spectent
1618 1814 1733 1917 expis-

432 1950 504 2023 cari
522 1978 593 2025 non
610 1947 748 2055 posiiun
763 2011 773 2044 ‚
790 1973 849 2021 eas
868 1970 975 2047 penes
997 1943 1162 2017 Scribam
1181 1927 1408 2010 asservandas
1425 1924 1493 2001 esse
1513 1924 1730 2026 praecipitur.

433 2055 584 2132 Deinde
598 2059 746 2156 jubetur
767 2053 889 2129 nescio
902 2054 997 2155 quis,
1010 2072 1051 2123 ut
1070 2041 1268 2124 conventui
1285 2038 1361 2114 vini
1382 2034 1566 2110 triennalis
1580 2029 1739 2125 ampho-

431 2188 506 2237 tam
535 2165 697 2268 pensitet.
746 2162 829 2239 Post
855 2183 1080 2234 memoratur
1110 2149 1379 2237 nmaidein,
1408 2136 1510 2247 quod
1539 2141 1575 2212 in
1602 2163 1737 2238 pompa

430 2267 638 2368 hujusmodi
664 2272 855 2374 parabatur
879 2301 886 2344 :
908 2293 989 2339 cam
1007 2287 1137 2337 vocem
1157 2279 1233 2334 non
1254 2251 1403 2329 memini
1428 2241 1623 2324 occurrisse
1645 2242 1734 2315 mihi

431 2377 595 2477 usquam.
622 2379 664 2451 ln
683 2376 827 2450 ordines
845 2372 939 2447 duos
953 2366 1195 2445 dividendam
1216 2357 1286 2438 esse
1305 2384 1465 2438 turmam
1489 2351 1737 2441 constituitur,

432 2483 737 2585 interdiciturque
749 2485 802 2558 vel
815 2483 926 2555 etiam
940 2479 1087 2552 Senatui
1100 2471 1293 2576 quidpiam
1308 2470 1343 2541 in
1353 2469 1433 2570 lege
1448 2485 1587 2536 mutare
1602 2452 1738 2556 absque

434 2590 568 2669 Scribae
588 2593 737 2694 placito.
785 2592 927 2664 Datum
947 2578 1021 2659 fuit
1040 2580 1229 2655 decretum
1256 2579 1292 2650 in
1312 2575 1408 2651 sacra
1425 2593 1549 2673 pugna
1577 2569 1734 2640 Lucro

434 2700 623 2776 Erruro
656 2724 709 2774 er
735 2700 894 2776 's1r10
921 2697 1182 2793 AQttruo
1209 2689 1540 2763 Consurrnus.
1571 2673 1738 2746 Demum

433 2803 711 2909 subscriptiones
735 2804 868 2879 adsunt
895 2803 1069 2887 Senatus,
1092 2790 1321 2882 dividetur,
1343 2788 1408 2886 qui
1429 2808 1556 2885 pugnae
1573 2802 1736 2880 preerat.

487 2916 717 3015 Comparent
745 2912 837 2986 item
864 2912 901 2982 in
932 2901 1164 2981 Bibliotheca
1186 2892 1396 2977 Tarvisrana
1425 2889 1572 2965 codices
1605 2911 1738 2958 manu-

434 3015 559 3122 scripti
590 3020 681 3092 bene
702 3018 836 3111 multi,
867 3038 1021 3116 quorum
1042 3036 1183 3113 partem
1212 2994 1446 3083 solummodo
1474 2993 1595 3070 videre
1619 2993 1734 3082 licuit,

434 3127 521 3229 quia
541 3154 586 3202 ex
603 3124 716 3200 insula
736 3122 894 3227 quadam
916 3116 1011 3195 haud
1028 3118 1080 3193 ita
1099 3118 1221 3192 vicina
1237 3113 1276 3187 in
1294 3105 1434 3185 Urbem
1455 3100 1633 3206 exportari
1655 3122 1734 3171 tum

434 3233 587 3309 curabat
611 3235 661 3307 D.
680 3230 921 3308 Tarvisranus.
967 3228 1080 3302 Hanc
1095 3250 1222 3299 notam
1243 3220 1332 3293 erui.

487 3340 605 3417 biblia
628 3340 816 3416 Hebra'ica
838 3338 1009 3438 antiqua,
1029 3335 1135 3407 initio
1158 3327 1308 3422 mutila,
1327 3346 1414 3400 cum
1437 3318 1535 3392 notis
1556 3307 1735 3389 Massore-

434 3471 526 3523 treis.

489 3554 600 3629 Liber
620 3549 919 3627 benediciionum
942 3555 978 3625 bc
997 3573 1147 3652 precum
1162 3530 1366 3619 Hebra'r'cb.

489 3666 618 3735 Caecilii
634 3663 795 3768 Cypriani
816 3683 925 3761 opera
952 3656 990 3729 iu
1019 3653 1149 3728 codice
1175 3649 1335 3739 recenti,
1356 3646 1393 3718 in
1417 3668 1520 3743 qun,
1545 3663 1586 3710 ut
1612 3634 1733 3710 aiebar

436 3765 587 3868 quidem
606 3770 681 3870 ipse
705 3761 1024 3857 D.Tarvis1anus,
1043 3755 1211 3863 quadam
1225 3754 1383 3856 epistola:
1403 3776 1476 3821 non
1499 3742 1619 3817 editae.

488 3874 657 3975 Ambrosti
682 3870 725 3946 de
749 3873 1011 3963 Sacramentis‚
1029 3866 1148 3942 codex
1170 3863 1321 3964 scriptus
1346 3881 1440 3932 anno
1467 3866 1560 3952 1436.

488 3991 712 4083 Hieronymus
734 3982 771 4055 in
793 3976 1015 4054 Matthaeum
1034 4000 1110 4052 xv.
1132 3972 1267 4050 seculi.

487 4090 531 4165 ln
549 4090 679 4167 codice
702 4116 768 4166 xv.
785 4086 923 4179 saculi,
939 4087 1030 4161 inter
1051 4082 1222 4156 homilias
1247 4089 1282 4151 S.
1304 4071 1485 4179 Augustini
1510 4077 1545 4141 ἃ
1566 4063 1735 4153 aliorum,

437 4195 526 4273 iiber
544 4193 703 4297 ejusdem
725 4193 919 4302 Augustini
943 4194 984 4271 de
1008 4188 1099 4268 beato
1119 4200 1259 4264 Latrone
1287 4208 1348 4288 qur
1367 4174 1528 4289 pependit
1551 4176 1588 4241 in
1618 4183 1734 4254 cruce,

435 4309 533 4412 cujus
550 4311 716 4389 initium,
732 4322 823 4380 Dius
842 4323 913 4377 erat
932 4309 972 4377 in
992 4298 1121 4400 christo
1140 4295 1302 4371 nundum
1320 4284 1551 4363 reconcilians·

490 4414 648 4514 Epistola
668 4416 708 4488 B.
723 4410 857 4516 Euſsbii
885 4407 932 4485 ad
956 4404 1160 4486 Damasum
1182 4395 1422 4479 Portuensem
1452 4385 1497 4461 de
1518 4379 1665 4457 transitu
1692 4382 1733 4456 B.

439 4516 681 4621 Hieronymi,
702 4520 817 4595 codex
840 4545 914 4593 non
932 4518 1116 4619 antiquus.

491 4625 637 4707 uibrata
654 4623 737 4703 libri
755 4632 904 4727 joannis
924 4614 1318 4732 Damaſsenipresbytcri
1338 4666 1348 4704 ,
1372 4609 1410 4681 in
1435 4602 1572 4786 ᾳκῖςεβ
1595 4593 1736 4672 iraditio

1549 4734 1572 4806 ¹]
